Event Time, Symbol, Aggregate Trade ID, Price, Quantity, First Trade ID, Trade Time, Is Buyer Maker
1716391706822, ETHUSDT,1642725249,3749.41,7.28,1716391706788,False
1716391707022, BTCUSDT,2190229257,70227.0,0.335,1716391706973,True
1716391707173, BTCUSDT,2190229258,70227.0,2.946,1716391707019,False
1716391707186, ETHUSDT,1642725252,3749.4,5.333,1716391707075,True
1716391707493, BTCUSDT,2190229259,70227.0,0.64,1716391707339,False
1716391707733, BTCUSDT,2190229260,70227.0,3.46,1716391707580,False
1716391708639, ETHUSDT,1642725269,3749.21,4.886,1716391708485,True
1716391709269, ETHUSDT,1642725271,3749.22,12.649,1716391709184,False
1716391710192, WIFUSDT,130363798,3.2,4841.2,1716391710119,True
1716391710455, ETHUSDT,1642725303,3749.41,6.137,1716391710452,True
1716391710599, ETHUSDT,1642725305,3749.21,7.256,1716391710590,True
1716391711011, ETHUSDT,1642725313,3749.12,5.022,1716391710857,False
1716391711337, SOLUSDT,694633272,180.6,108.0,1716391711333,True
1716391711338, SOLUSDT,694633290,180.574,89.0,1716391711333,True
1716391711338, SOLUSDT,694633291,180.571,126.0,1716391711333,True
1716391711338, SOLUSDT,694633292,180.57,109.0,1716391711333,True
1716391711338, SOLUSDT,694633306,180.555,93.0,1716391711333,True
1716391711946, BTCUSDT,2190229295,70223.2,0.253,1716391711793,True
1716391712010, BTCUSDT,2190229296,70223.2,0.248,1716391711968,True
1716391712651, BTCUSDT,2190229301,70223.2,0.436,1716391712499,True
1716391713023, ETHUSDT,1642725356,3749.87,7.84,1716391712894,True
1716391713356, ETHUSDT,1642725368,3749.88,13.684,1716391713274,False
1716391714217, ETHUSDT,1642725374,3749.87,36.753,1716391714215,True
1716391714218, ETHUSDT,1642725375,3749.86,10.4,1716391714215,True
1716391714218, ETHUSDT,1642725382,3749.59,4.143,1716391714215,True
1716391714218, ETHUSDT,1642725383,3749.58,5.333,1716391714215,True
1716391714219, ETHUSDT,1642725384,3749.57,6.383,1716391714215,True
1716391714219, ETHUSDT,1642725385,3749.56,6.543,1716391714215,True
1716391714219, ETHUSDT,1642725390,3749.5,5.544,1716391714215,True
1716391714219, ETHUSDT,1642725395,3749.4,4.991,1716391714215,True
1716391714219, ETHUSDT,1642725396,3749.39,4.5,1716391714215,True
1716391714219, ETHUSDT,1642725399,3749.33,5.333,1716391714215,True
1716391714219, ETHUSDT,1642725401,3749.31,6.634,1716391714215,True
1716391714219, ETHUSDT,1642725405,3749.24,4.277,1716391714215,True
1716391714219, ETHUSDT,1642725406,3749.23,9.599,1716391714215,True
1716391714219, ETHUSDT,1642725408,3749.21,7.476,1716391714215,True
1716391714219, ETHUSDT,1642725409,3749.2,9.407,1716391714215,True
1716391714219, ETHUSDT,1642725411,3749.18,4.102,1716391714215,True
1716391714219, ETHUSDT,1642725414,3749.11,8.228,1716391714215,True
1716391714219, ETHUSDT,1642725416,3749.09,5.591,1716391714215,True
1716391714219, ETHUSDT,1642725423,3749.0,9.547,1716391714215,True
1716391714219, ETHUSDT,1642725424,3748.99,4.514,1716391714215,True
1716391714219, ETHUSDT,1642725426,3748.97,5.045,1716391714215,True
1716391714219, ETHUSDT,1642725427,3748.96,8.05,1716391714215,True
1716391714219, ETHUSDT,1642725429,3748.94,11.693,1716391714215,True
1716391714219, ETHUSDT,1642725430,3748.93,4.003,1716391714215,True
1716391714219, ETHUSDT,1642725433,3748.9,10.681,1716391714215,True
1716391714235, BTCUSDT,2190229311,70223.2,3.268,1716391714222,True
1716391714220, ETHUSDT,1642725443,3748.8,7.309,1716391714216,True
1716391714220, ETHUSDT,1642725449,3748.74,20.012,1716391714216,True
1716391714220, ETHUSDT,1642725453,3748.7,7.546,1716391714216,True
1716391714220, ETHUSDT,1642725461,3748.6,4.737,1716391714216,True
1716391714220, ETHUSDT,1642725464,3748.57,7.838,1716391714216,True
1716391714269, BTCUSDT,2190229316,70222.1,0.569,1716391714243,False
1716391714281, DOGEUSDT,683251658,0.16651,102084.0,1716391714224,True
1716391715166, BTCUSDT,2190229327,70220.0,7.708,1716391715062,True
1716391715953, ETHUSDT,1642725517,3748.81,7.146,1716391715904,False
1716391715953, ETHUSDT,1642725529,3749.05,5.2,1716391715949,False
1716391715966, ETHUSDT,1642725535,3749.15,4.447,1716391715962,False
1716391716028, BTCUSDT,2190229334,70220.0,1.092,1716391715874,True
1716391716205, ETHUSDT,1642725540,3749.2,22.893,1716391716201,True
1716391716205, ETHUSDT,1642725549,3748.81,8.125,1716391716201,True
1716391716205, ETHUSDT,1642725550,3748.8,9.584,1716391716201,True
1716391716205, ETHUSDT,1642725554,3748.7,9.456,1716391716201,True
1716391716206, ETHUSDT,1642725564,3748.57,5.334,1716391716201,True
1716391716206, ETHUSDT,1642725565,3748.56,7.549,1716391716202,True
1716391716206, ETHUSDT,1642725571,3748.5,10.699,1716391716202,True
1716391716206, ETHUSDT,1642725586,3748.32,7.568,1716391716202,True
1716391716206, ETHUSDT,1642725593,3748.24,10.252,1716391716202,True
1716391716206, ETHUSDT,1642725596,3748.2,15.496,1716391716202,True
1716391716206, ETHUSDT,1642725597,3748.19,4.853,1716391716202,True
1716391716206, ETHUSDT,1642725598,3748.18,19.482,1716391716202,True
1716391716206, ETHUSDT,1642725604,3748.12,5.363,1716391716202,True
1716391716206, ETHUSDT,1642725610,3748.06,8.006,1716391716202,True
1716391716299, ETHUSDT,1642725630,3749.0,5.37,1716391716287,False
1716391717138, ETHUSDT,1642725635,3748.87,6.017,1716391716984,True
1716391717213, BTCUSDT,2190229340,70220.0,0.319,1716391717071,True
1716391717244, ETHUSDT,1642725636,3748.88,7.509,1716391717218,False
1716391717474, BTCUSDT,2190229342,70220.0,2.952,1716391717423,True
1716391717524, ETHUSDT,1642725658,3749.35,4.294,1716391717521,False
1716391717525, ETHUSDT,1642725662,3749.39,9.953,1716391717521,False
1716391717525, ETHUSDT,1642725673,3749.55,18.133,1716391717521,False
1716391717525, ETHUSDT,1642725674,3749.56,4.556,1716391717521,False
1716391717525, ETHUSDT,1642725677,3749.59,4.8,1716391717521,False
1716391717525, ETHUSDT,1642725678,3749.6,5.007,1716391717521,False
1716391717525, ETHUSDT,1642725683,3749.67,5.868,1716391717521,False
1716391717525, ETHUSDT,1642725685,3749.69,7.153,1716391717521,False
1716391718037, ETHUSDT,1642725709,3749.41,4.373,1716391718034,True
1716391718771, ETHUSDT,1642725723,3749.13,4.993,1716391718616,True
1716391718774, BNBUSDT,569895801,620.25,42.68,1716391718771,True
1716391718774, BNBUSDT,569895808,620.18,37.36,1716391718771,True
1716391719008, ETHUSDT,1642725724,3749.13,6.631,1716391718854,True
1716391719032, BTCUSDT,2190229348,70219.2,1.034,1716391718911,True
1716391719762, BTCUSDT,2190229353,70219.3,0.355,1716391719609,False
1716391719877, WIFUSDT,130364321,3.2001,5514.4,1716391719873,True
1716391720590, ETHUSDT,1642725735,3749.13,5.016,1716391720481,True
1716391720817, ETHUSDT,1642725738,3749.13,4.053,1716391720664,True
1716391721244, ETHUSDT,1642725744,3749.13,22.175,1716391721235,True
1716391721291, ETHUSDT,1642725763,3748.67,4.976,1716391721288,True
1716391721291, ETHUSDT,1642725774,3748.49,10.811,1716391721288,True
1716391721291, ETHUSDT,1642725779,3748.42,6.039,1716391721288,True
1716391721291, ETHUSDT,1642725787,3748.32,7.717,1716391721288,True
1716391721292, ETHUSDT,1642725804,3748.11,20.023,1716391721288,True
1716391721292, ETHUSDT,1642725808,3748.07,8.858,1716391721288,True
1716391721292, ETHUSDT,1642725809,3748.06,4.301,1716391721288,True
1716391721292, ETHUSDT,1642725810,3748.03,16.539,1716391721288,True
1716391721292, ETHUSDT,1642725812,3748.01,12.722,1716391721288,True
1716391721295, ETHUSDT,1642725813,3748.0,7.57,1716391721288,True
1716391721591, BTCUSDT,2190229397,70211.1,0.336,1716391721589,True
1716391721742, BTCUSDT,2190229400,70210.7,0.403,1716391721589,True
1716391722181, ETHUSDT,1642725823,3748.22,10.0,1716391722027,True
1716391722381, ETHUSDT,1642725824,3748.22,13.475,1716391722228,True
1716391722547, SOLUSDT,694633367,180.617,461.0,1716391722542,False
1716391722579, SOLUSDT,694633372,180.627,100.0,1716391722576,True
1716391722857, ETHUSDT,1642725828,3748.23,9.056,1716391722844,False
1716391723252, BTCUSDT,2190229410,70210.7,0.6,1716391723145,True
1716391723648, BTCUSDT,2190229412,70210.7,0.376,1716391723494,True
1716391724268, ETHUSDT,1642725845,3748.23,4.733,1716391724144,False
1716391725069, BTCUSDT,2190229450,70201.9,0.701,1716391725020,True
1716391725124, BTCUSDT,2190229452,70201.9,1.95,1716391725120,True
1716391725124, BTCUSDT,2190229453,70201.8,1.752,1716391725120,True
1716391725124, BTCUSDT,2190229461,70200.2,0.384,1716391725121,True
1716391725275, BTCUSDT,2190229462,70200.0,0.763,1716391725121,True
1716391725775, BTCUSDT,2190229465,70200.0,0.379,1716391725681,True
1716391726187, BTCUSDT,2190229469,70200.0,0.244,1716391726033,True
1716391726362, ETHUSDT,1642725858,3748.22,13.581,1716391726208,True
1716391726566, ETHUSDT,1642725860,3748.23,4.71,1716391726449,False
1716391726668, ETHUSDT,1642725861,3748.22,15.882,1716391726562,True
1716391727335, BTCUSDT,2190229473,70200.0,2.932,1716391727183,True
1716391727699, ETHUSDT,1642725866,3748.22,23.15,1716391727564,True
1716391728149, BTCUSDT,2190229477,70200.1,0.5,1716391727996,False
1716391728316, BTCUSDT,2190229478,70200.1,0.231,1716391728308,False
1716391728438, ETHUSDT,1642725871,3748.22,5.441,1716391728413,True
1716391728965, BTCUSDT,2190229494,70206.2,0.497,1716391728881,True
1716391729535, BTCUSDT,2190229501,70208.6,0.5,1716391729441,False
1716391729686, BTCUSDT,2190229502,70208.5,1.484,1716391729532,True
1716391730129, ETHUSDT,1642725891,3748.04,39.879,1716391730102,False
1716391730577, DOGEUSDT,683251715,0.16646,161440.0,1716391730504,False
1716391730694, ETHUSDT,1642725920,3748.88,12.012,1716391730624,True
1716391730961, ETHUSDT,1642725924,3748.88,7.68,1716391730907,True
1716391731176, ETHUSDT,1642725927,3748.88,6.006,1716391731126,True
1716391731530, BTCUSDT,2190229524,70215.0,0.5,1716391731528,False
1716391731912, ETHUSDT,1642725936,3748.88,7.182,1716391731759,True
1716391732909, ETHUSDT,1642725942,3748.88,7.68,1716391732754,True
1716391732934, BTCUSDT,2190229532,70216.6,0.242,1716391732780,True
1716391733147, ETHUSDT,1642725944,3748.88,18.087,1716391733067,True
1716391733446, ETHUSDT,1642725947,3748.77,4.387,1716391733413,True
1716391733569, BTCUSDT,2190229534,70216.7,0.855,1716391733416,False
1716391733733, ETHUSDT,1642725949,3748.77,6.044,1716391733681,True
1716391733814, ETHUSDT,1642725951,3748.64,10.749,1716391733730,True
1716391733828, ETHUSDT,1642725953,3748.6,100.613,1716391733821,True
1716391733837, BTCUSDT,2190229535,70216.6,1.174,1716391733831,True
1716391735304, BTCUSDT,2190229563,70205.9,0.776,1716391735150,True
1716391736040, ETHUSDT,1642725977,3748.11,8.8,1716391735890,True
1716391736151, WIFUSDT,130364786,3.208,5872.2,1716391736146,False
1716391736157, BTCUSDT,2190229567,70206.0,1.175,1716391736056,False
1716391736392, ETHUSDT,1642725980,3748.12,28.083,1716391736374,False
1716391736394, WIFUSDT,130364790,3.2082,6259.4,1716391736276,True
1716391736852, ETHUSDT,1642725985,3748.41,7.206,1716391736803,True
1716391737261, BTCUSDT,2190229586,70212.5,1.417,1716391737137,True
1716391737271, ETHUSDT,1642725988,3748.41,4.759,1716391737117,True
1716391737573, BTCUSDT,2190229588,70212.6,0.663,1716391737453,False
1716391737918, BTCUSDT,2190229592,70214.4,2.261,1716391737764,True
1716391738982, BTCUSDT,2190229597,70214.5,0.508,1716391738883,False
1716391739029, ETHUSDT,1642725997,3748.41,8.0,1716391738910,True
1716391739125, ETHUSDT,1642725998,3748.41,6.09,1716391739027,True
1716391739126, WIFUSDT,130364845,3.21,6061.1,1716391739122,False
1716391739535, BTCUSDT,2190229600,70214.4,1.683,1716391739484,True
1716391739628, WIFUSDT,130364886,3.21,8633.6,1716391739582,False
1716391739686, BTCUSDT,2190229601,70214.5,0.215,1716391739532,False
1716391739928, ETHUSDT,1642726002,3748.41,7.36,1716391739773,True
1716391740168, BTCUSDT,2190229603,70214.4,1.021,1716391740015,True
1716391740231, WIFUSDT,130364896,3.21,20705.9,1716391740223,False
1716391740313, ETHUSDT,1642726006,3748.42,5.752,1716391740308,False
1716391740498, ETHUSDT,1642726010,3748.58,7.317,1716391740345,False
1716391740857, ETHUSDT,1642726011,3748.57,12.81,1716391740753,True
1716391741186, ETHUSDT,1642726014,3748.58,143.415,1716391741179,False
1716391741275, ETHUSDT,1642726021,3748.81,33.261,1716391741225,True
1716391741794, ETHUSDT,1642726026,3748.88,7.65,1716391741690,True
1716391742284, ETHUSDT,1642726036,3748.99,74.216,1716391742236,True
1716391742284, ETHUSDT,1642726037,3748.98,11.168,1716391742280,True
1716391742287, ETHUSDT,1642726039,3748.88,11.249,1716391742282,True
1716391742287, ETHUSDT,1642726043,3748.73,4.124,1716391742283,True
1716391742287, ETHUSDT,1642726051,3748.56,6.4,1716391742283,True
1716391742291, ETHUSDT,1642726068,3748.2,10.68,1716391742286,True
1716391742541, ETHUSDT,1642726075,3748.17,7.929,1716391742388,False
1716391742708, DOGEUSDT,683251749,0.16656,96625.0,1716391742701,False
1716391742711, ETHUSDT,1642726076,3748.17,9.231,1716391742557,False
1716391743916, BTCUSDT,2190229624,70214.5,0.672,1716391743838,False
1716391744496, DOGEUSDT,683251762,0.16661,169939.0,1716391744493,True
1716391744509, ETHUSDT,1642726102,3748.99,8.906,1716391744355,True
1716391744630, SOLUSDT,694633541,180.728,126.0,1716391744627,True
1716391745212, BTCUSDT,2190229645,70221.4,0.3,1716391745091,True
1716391745283, ETHUSDT,1642726105,3748.99,7.6,1716391745225,True
1716391745960, ETHUSDT,1642726111,3749.0,7.6,1716391745895,False
1716391746395, ETHUSDT,1642726116,3748.99,7.2,1716391746240,True
1716391746816, ETHUSDT,1642726118,3749.0,14.62,1716391746766,False
1716391746816, ETHUSDT,1642726123,3749.13,5.158,1716391746814,False
1716391746824, ETHUSDT,1642726124,3749.14,12.709,1716391746814,False
1716391747227, ETHUSDT,1642726136,3749.3,4.138,1716391747116,True
1716391747409, ETHUSDT,1642726139,3749.31,4.328,1716391747399,False
1716391747550, ETHUSDT,1642726157,3749.66,6.036,1716391747480,False
1716391747577, ETHUSDT,1642726169,3749.86,12.5,1716391747560,True
1716391747874, ETHUSDT,1642726173,3749.86,8.323,1716391747743,True
1716391748866, ETHUSDT,1642726182,3749.86,7.52,1716391748863,True
1716391749788, ETHUSDT,1642726192,3749.87,7.998,1716391749730,True
1716391750436, ETHUSDT,1642726197,3749.88,5.617,1716391750385,False
1716391751055, BTCUSDT,2190229697,70229.7,0.503,1716391751052,True
1716391751075, ETHUSDT,1642726199,3749.87,7.06,1716391750961,True
1716391751124, BTCUSDT,2190229717,70222.3,0.305,1716391751052,True
1716391751531, ETHUSDT,1642726201,3749.88,5.924,1716391751378,False
1716391751653, BTCUSDT,2190229720,70222.4,2.137,1716391751524,False
1716391752059, ETHUSDT,1642726203,3749.87,7.84,1716391751943,True
1716391752059, ETHUSDT,1642726204,3749.87,5.694,1716391752057,True
1716391752059, ETHUSDT,1642726205,3749.86,10.239,1716391752057,True
1716391752062, ETHUSDT,1642726232,3749.42,4.011,1716391752059,True
1716391752062, ETHUSDT,1642726233,3749.41,4.146,1716391752059,True
1716391752311, BTCUSDT,2190229739,70214.5,2.104,1716391752237,False
1716391752686, ETHUSDT,1642726266,3748.92,4.627,1716391752642,True
1716391752728, BNBUSDT,569895866,620.36,42.97,1716391752712,True
1716391753322, ETHUSDT,1642726283,3748.71,5.358,1716391753295,False
1716391753447, ETHUSDT,1642726296,3748.43,5.336,1716391753445,True
1716391753610, ETHUSDT,1642726310,3748.22,5.923,1716391753487,False
1716391754415, ETHUSDT,1642726316,3748.2,5.359,1716391754412,True
1716391754452, BTCUSDT,2190229747,70214.4,0.248,1716391754449,True
1716391754542, BTCUSDT,2190229754,70211.5,0.389,1716391754538,True
1716391754542, ETHUSDT,1642726325,3748.0,10.162,1716391754460,True
1716391754568, BTCUSDT,2190229758,70210.8,0.766,1716391754540,True
1716391755282, ETHUSDT,1642726348,3747.71,29.875,1716391755127,False
1716391755737, SOLUSDT,694633634,180.683,90.0,1716391755734,False
1716391755737, SOLUSDT,694633639,180.69,112.0,1716391755734,False
1716391755952, ETHUSDT,1642726353,3747.7,8.006,1716391755893,True
1716391755990, ETHUSDT,1642726354,3747.71,17.78,1716391755948,False
1716391756233, BTCUSDT,2190229771,70207.9,0.523,1716391756080,True
1716391756469, ETHUSDT,1642726360,3747.78,4.305,1716391756404,False
1716391756681, ETHUSDT,1642726380,3748.21,78.966,1716391756678,True
1716391756681, ETHUSDT,1642726384,3748.07,14.4,1716391756678,True
1716391756681, ETHUSDT,1642726388,3747.87,10.0,1716391756678,True
1716391756681, ETHUSDT,1642726392,3747.8,5.036,1716391756678,True
1716391756687, ETHUSDT,1642726394,3747.77,8.702,1716391756678,True
1716391756701, BTCUSDT,2190229773,70207.9,0.554,1716391756548,True
1716391756840, ETHUSDT,1642726396,3747.77,7.153,1716391756685,True
1716391757227, ETHUSDT,1642726398,3747.77,12.514,1716391757137,True
1716391757378, ETHUSDT,1642726399,3747.78,23.318,1716391757224,False
1716391757707, ETHUSDT,1642726401,3747.78,5.7,1716391757700,False
1716391758146, ETHUSDT,1642726410,3748.18,4.7,1716391758144,False
1716391758146, ETHUSDT,1642726411,3748.19,5.048,1716391758144,False
1716391758146, ETHUSDT,1642726414,3748.22,12.076,1716391758144,False
1716391759055, ETHUSDT,1642726435,3748.14,7.54,1716391758901,True
1716391759500, ETHUSDT,1642726438,3748.14,20.266,1716391759498,True
1716391759870, ETHUSDT,1642726444,3747.96,7.36,1716391759796,True
1716391760540, ETHUSDT,1642726450,3747.97,4.336,1716391760421,False
1716391761113, ETHUSDT,1642726455,3747.96,7.658,1716391760999,True
1716391761253, ETHUSDT,1642726457,3747.97,28.886,1716391761250,False
1716391761253, ETHUSDT,1642726459,3748.05,6.13,1716391761250,False
1716391761253, ETHUSDT,1642726461,3748.1,21.721,1716391761250,False
1716391761253, ETHUSDT,1642726464,3748.16,6.0,1716391761250,False
1716391761994, BTCUSDT,2190229792,70208.0,0.735,1716391761989,False
1716391762296, ETHUSDT,1642726496,3748.7,7.76,1716391762284,True
1716391762348, SOLUSDT,694633674,180.731,121.0,1716391762323,False
1716391762902, ETHUSDT,1642726524,3749.19,7.801,1716391762895,False
1716391763234, ETHUSDT,1642726550,3749.67,5.375,1716391763106,True
1716391763312, ETHUSDT,1642726555,3749.37,7.435,1716391763237,True
1716391764454, ETHUSDT,1642726565,3749.37,7.28,1716391764301,True
1716391765820, BTCUSDT,2190229839,70223.1,0.224,1716391765667,True
1716391765845, ETHUSDT,1642726575,3749.37,7.04,1716391765832,True
1716391766283, ETHUSDT,1642726578,3749.38,5.69,1716391766210,False
1716391767345, ETHUSDT,1642726585,3749.37,4.534,1716391767342,True
1716391768416, ETHUSDT,1642726591,3749.3,10.0,1716391768279,False
1716391768933, BTCUSDT,2190229850,70223.2,0.354,1716391768799,False
1716391769079, ETHUSDT,1642726600,3749.27,6.67,1716391769066,True
1716391769442, SOLUSDT,694633702,180.77,175.0,1716391769437,True
1716391769455, ETHUSDT,1642726623,3748.9,5.209,1716391769451,True
1716391769986, BTCUSDT,2190229853,70223.1,0.532,1716391769849,True
1716391771234, ETHUSDT,1642726656,3748.52,18.683,1716391771186,False
1716391771240, BTCUSDT,2190229860,70223.1,1.256,1716391771237,True
1716391771405, ETHUSDT,1642726660,3748.78,4.643,1716391771252,False
1716391771978, ETHUSDT,1642726664,3748.78,7.439,1716391771883,True
1716391772638, BTCUSDT,2190229867,70220.0,0.227,1716391772484,True
1716391773003, ETHUSDT,1642726670,3748.78,9.84,1716391772849,True
1716391773243, ETHUSDT,1642726672,3748.79,7.599,1716391773212,False
1716391773877, ETHUSDT,1642726701,3749.49,8.532,1716391773793,True
1716391773936, SOLUSDT,694633746,180.765,99.0,1716391773933,False
1716391774675, BTCUSDT,2190229881,70222.0,0.899,1716391774666,False
1716391774826, BTCUSDT,2190229882,70223.1,1.362,1716391774672,False
1716391774910, BTCUSDT,2190229884,70223.2,0.355,1716391774860,False
1716391774954, ETHUSDT,1642726707,3749.49,7.84,1716391774800,True
1716391775498, BTCUSDT,2190229899,70229.6,0.293,1716391775495,False
1716391775498, BTCUSDT,2190229900,70229.8,0.542,1716391775495,False
1716391775499, BTCUSDT,2190229905,70231.0,0.354,1716391775495,False
1716391775499, BTCUSDT,2190229907,70231.4,1.015,1716391775495,False
1716391775499, BTCUSDT,2190229929,70236.5,1.071,1716391775495,False
1716391775552, BTCUSDT,2190229932,70237.0,0.868,1716391775495,False
1716391775579, SOLUSDT,694633754,180.785,86.0,1716391775547,True
1716391775871, ETHUSDT,1642726724,3749.85,7.71,1716391775718,True
1716391776201, ETHUSDT,1642726733,3750.0,153.573,1716391776047,False
1716391776436, ETHUSDT,1642726738,3750.0,54.015,1716391776393,False
1716391776458, ETHUSDT,1642726740,3750.0,70.793,1716391776440,False
1716391776858, ETHUSDT,1642726776,3750.54,7.932,1716391776772,True
1716391776949, BTCUSDT,2190229959,70244.0,0.306,1716391776946,False
1716391776949, BTCUSDT,2190229972,70247.7,0.242,1716391776946,False
1716391776952, BTCUSDT,2190229975,70248.0,0.276,1716391776946,False
1716391777290, BTCUSDT,2190229978,70247.9,0.239,1716391777159,True
1716391777919, ETHUSDT,1642726799,3750.82,7.92,1716391777890,True
1716391778055, ETHUSDT,1642726806,3750.92,12.267,1716391778029,True
1716391778345, ETHUSDT,1642726808,3750.93,11.609,1716391778208,False
1716391778939, ETHUSDT,1642726838,3751.32,7.52,1716391778787,True
1716391779394, BTCUSDT,2190229991,70250.0,0.269,1716391779370,False
1716391779545, ETHUSDT,1642726857,3751.46,4.021,1716391779520,True
1716391779545, ETHUSDT,1642726858,3751.35,6.688,1716391779542,True
1716391779545, ETHUSDT,1642726860,3751.32,5.04,1716391779542,True
1716391779658, BTCUSDT,2190229994,70249.9,1.16,1716391779651,True
1716391779674, BTCUSDT,2190229995,70249.8,0.314,1716391779655,True
1716391779727, ETHUSDT,1642726897,3750.5,4.504,1716391779698,True
1716391780040, ETHUSDT,1642726905,3750.37,6.925,1716391780038,True
1716391780585, BTCUSDT,2190230009,70241.5,0.347,1716391780467,False
1716391781444, BTCUSDT,2190230016,70241.5,0.336,1716391781290,False
1716391781951, ETHUSDT,1642726957,3750.08,8.127,1716391781886,True
1716391782867, ETHUSDT,1642726963,3749.87,10.51,1716391782713,True
1716391783097, ETHUSDT,1642726964,3749.88,26.797,1716391783095,False
1716391783102, ETHUSDT,1642726988,3750.48,5.568,1716391783098,False
1716391783105, ETHUSDT,1642726989,3750.49,4.08,1716391783098,False
1716391783106, ETHUSDT,1642726995,3750.55,4.545,1716391783101,False
1716391783488, ETHUSDT,1642727037,3751.16,7.12,1716391783455,True
1716391783617, ETHUSDT,1642727041,3751.18,7.044,1716391783614,True
1716391784772, ETHUSDT,1642727074,3751.46,12.559,1716391784665,True
1716391784790, BTCUSDT,2190230034,70241.5,0.311,1716391784635,False
1716391785165, SOLUSDT,694633815,180.864,95.0,1716391785143,True
1716391785404, ETHUSDT,1642727093,3751.5,4.005,1716391785402,True
1716391786487, BTCUSDT,2190230043,70241.5,0.729,1716391786446,False
1716391787024, BTCUSDT,2190230047,70241.4,0.994,1716391786869,True
1716391787026, ETHUSDT,1642727105,3751.47,7.04,1716391786878,True
1716391788216, ETHUSDT,1642727115,3751.35,4.682,1716391788215,True
1716391788221, ETHUSDT,1642727119,3751.24,8.0,1716391788216,True
1716391788753, BTCUSDT,2190230055,70241.2,0.38,1716391788750,True
1716391789145, ETHUSDT,1642727139,3750.8,10.0,1716391789093,False
1716391789401, ETHUSDT,1642727147,3750.69,6.59,1716391789385,True
1716391789401, ETHUSDT,1642727171,3750.32,4.08,1716391789397,True
1716391789401, ETHUSDT,1642727181,3750.17,5.572,1716391789397,True
1716391789401, ETHUSDT,1642727183,3750.14,4.006,1716391789397,True
1716391789405, ETHUSDT,1642727186,3750.1,5.908,1716391789397,True
1716391789589, ETHUSDT,1642727189,3750.17,10.083,1716391789435,False
1716391790590, ETHUSDT,1642727199,3750.17,7.0,1716391790573,False
1716391792070, ETHUSDT,1642727225,3750.91,7.28,1716391791916,True
1716391792139, ETHUSDT,1642727226,3750.92,13.336,1716391792117,False
1716391792290, ETHUSDT,1642727227,3750.91,6.664,1716391792136,True
1716391792844, BTCUSDT,2190230094,70236.2,0.307,1716391792691,False
1716391793640, ETHUSDT,1642727236,3750.91,7.92,1716391793487,True
1716391794557, BTCUSDT,2190230096,70236.1,0.653,1716391794404,True
1716391794650, BTCUSDT,2190230097,70236.2,0.792,1716391794646,False
1716391794784, BTCUSDT,2190230103,70241.0,0.245,1716391794710,False
1716391794840, ETHUSDT,1642727266,3751.48,4.802,1716391794837,False
1716391794841, ETHUSDT,1642727278,3751.68,8.662,1716391794837,False
1716391794841, ETHUSDT,1642727279,3751.69,4.264,1716391794837,False
1716391794841, ETHUSDT,1642727281,3751.71,5.932,1716391794837,False
1716391794841, ETHUSDT,1642727284,3751.74,8.122,1716391794837,False
1716391794855, ETHUSDT,1642727289,3751.77,7.489,1716391794845,True
1716391795851, ETHUSDT,1642727305,3751.93,7.523,1716391795742,True
1716391796355, BTCUSDT,2190230143,70256.3,2.525,1716391796353,True
1716391797337, ETHUSDT,1642727319,3751.79,8.014,1716391797253,True
1716391797940, ETHUSDT,1642727323,3751.8,12.876,1716391797890,False
1716391798412, BTCUSDT,2190230160,70250.0,0.5,1716391798257,False
1716391798420, ETHUSDT,1642727327,3751.79,7.12,1716391798266,True
1716391799161, BTCUSDT,2190230165,70250.0,2.032,1716391799083,False
1716391799186, WIFUSDT,130366861,3.2188,4998.0,1716391799159,False
1716391799481, BTCUSDT,2190230176,70256.3,4.26,1716391799475,True
1716391799494, ETHUSDT,1642727342,3751.93,7.177,1716391799346,True
1716391799586, WIFUSDT,130366880,3.219,6337.6,1716391799583,False
1716391799649, ETHUSDT,1642727344,3751.93,5.36,1716391799495,True
1716391800095, SOLUSDT,694633897,180.869,128.0,1716391800090,False
1716391800108, SOLUSDT,694633898,180.87,1000.0,1716391800093,False
1716391800154, ETHUSDT,1642727351,3751.94,4.436,1716391800150,False
1716391800155, ETHUSDT,1642727355,3752.0,6.672,1716391800150,False
1716391800155, ETHUSDT,1642727371,3752.24,6.341,1716391800150,False
1716391800170, ETHUSDT,1642727397,3752.47,5.903,1716391800168,False
1716391800170, ETHUSDT,1642727404,3752.55,5.0,1716391800168,False
1716391800171, ETHUSDT,1642727421,3752.74,10.679,1716391800168,False
1716391800171, ETHUSDT,1642727426,3752.79,4.463,1716391800168,False
1716391800171, ETHUSDT,1642727428,3752.79,11.625,1716391800168,False
1716391800172, ETHUSDT,1642727429,3752.8,4.692,1716391800168,False
1716391800172, ETHUSDT,1642727430,3752.81,7.027,1716391800168,False
1716391800172, ETHUSDT,1642727435,3752.87,10.031,1716391800168,False
1716391800870, ETHUSDT,1642727442,3752.65,41.914,1716391800864,True
1716391801179, SOLUSDT,694633910,180.865,84.0,1716391801027,False
1716391801184, ETHUSDT,1642727450,3752.33,15.47,1716391801155,True
1716391801419, BTCUSDT,2190230195,70256.3,0.423,1716391801307,False
1716391802050, ETHUSDT,1642727458,3752.33,7.92,1716391801897,True
1716391802170, BTCUSDT,2190230198,70256.3,3.033,1716391802015,False
1716391802239, BTCUSDT,2190230199,70256.2,0.659,1716391802219,True
1716391803005, ETHUSDT,1642727467,3752.33,7.608,1716391802901,True
1716391803024, BTCUSDT,2190230205,70256.3,0.279,1716391803021,False
1716391803024, BTCUSDT,2190230210,70257.7,0.475,1716391803021,False
1716391803038, BTCUSDT,2190230211,70257.8,0.231,1716391803021,False
1716391803167, BTCUSDT,2190230212,70257.7,5.0,1716391803036,True
1716391803438, BTCUSDT,2190230214,70257.8,10.258,1716391803434,False
1716391803543, BTCUSDT,2190230239,70263.0,11.601,1716391803539,True
1716391803543, BTCUSDT,2190230241,70262.7,0.7,1716391803539,True
1716391803543, BTCUSDT,2190230246,70260.4,0.875,1716391803539,True
1716391803543, BTCUSDT,2190230255,70258.8,1.624,1716391803539,True
1716391803544, BTCUSDT,2190230259,70257.7,1.828,1716391803539,True
1716391803554, SOLUSDT,694633923,180.864,108.0,1716391803546,True
1716391803560, ETHUSDT,1642727476,3752.33,34.905,1716391803544,True
1716391803565, ETHUSDT,1642727497,3752.0,9.368,1716391803554,True
1716391803572, ETHUSDT,1642727506,3751.85,13.898,1716391803556,True
1716391803582, BNBUSDT,569895960,620.37,32.06,1716391803552,True
1716391803572, ETHUSDT,1642727507,3751.84,13.136,1716391803558,True
1716391803572, ETHUSDT,1642727508,3751.83,5.157,1716391803558,True
1716391803572, ETHUSDT,1642727512,3751.77,7.462,1716391803558,True
1716391803585, ETHUSDT,1642727513,3751.76,4.279,1716391803558,True
1716391803587, DOGEUSDT,683251937,0.16665,118735.0,1716391803549,True
1716391803592, SOLUSDT,694633932,180.84,85.0,1716391803566,True
1716391803744, ETHUSDT,1642727516,3751.73,24.48,1716391803645,True
1716391803760, ETHUSDT,1642727538,3751.45,8.419,1716391803748,True
1716391803544, BTCUSDT,2190230278,70253.6,0.443,1716391803539,True
1716391803545, BTCUSDT,2190230285,70252.6,0.411,1716391803540,True
1716391803545, BTCUSDT,2190230289,70251.8,0.7,1716391803540,True
1716391803545, BTCUSDT,2190230298,70250.5,0.46,1716391803540,True
1716391803545, BTCUSDT,2190230299,70250.1,0.647,1716391803540,True
1716391803545, BTCUSDT,2190230303,70249.5,2.477,1716391803540,True
1716391803545, BTCUSDT,2190230306,70249.2,1.069,1716391803540,True
1716391803545, BTCUSDT,2190230307,70249.1,1.855,1716391803540,True
1716391803545, BTCUSDT,2190230308,70248.9,1.491,1716391803540,True
1716391803545, BTCUSDT,2190230313,70248.0,0.593,1716391803540,True
1716391803545, BTCUSDT,2190230314,70247.8,1.142,1716391803540,True
1716391803545, BTCUSDT,2190230316,70247.3,0.241,1716391803540,True
1716391803545, BTCUSDT,2190230317,70247.2,0.743,1716391803540,True
1716391803545, BTCUSDT,2190230318,70247.1,0.684,1716391803540,True
1716391803545, BTCUSDT,2190230320,70246.9,0.65,1716391803540,True
1716391803545, BTCUSDT,2190230321,70246.8,1.071,1716391803540,True
1716391803545, BTCUSDT,2190230326,70246.3,1.996,1716391803540,True
1716391803545, BTCUSDT,2190230330,70245.8,0.624,1716391803540,True
1716391803545, BTCUSDT,2190230331,70245.5,1.723,1716391803540,True
1716391803546, BTCUSDT,2190230332,70245.4,0.263,1716391803540,True
1716391803546, BTCUSDT,2190230335,70244.9,1.194,1716391803540,True
1716391803546, BTCUSDT,2190230338,70244.5,0.274,1716391803540,True
1716391803546, BTCUSDT,2190230340,70244.0,2.014,1716391803540,True
1716391803546, BTCUSDT,2190230341,70243.9,4.002,1716391803540,True
1716391803546, BTCUSDT,2190230344,70243.5,0.27,1716391803540,True
1716391803546, BTCUSDT,2190230347,70242.7,0.772,1716391803540,True
1716391803546, BTCUSDT,2190230352,70242.0,1.119,1716391803540,True
1716391803546, BTCUSDT,2190230353,70241.9,0.473,1716391803540,True
1716391803546, BTCUSDT,2190230354,70241.5,0.237,1716391803540,True
1716391803546, BTCUSDT,2190230361,70240.2,0.513,1716391803540,True
1716391803897, SOLUSDT,694633943,180.817,100.0,1716391803742,True
1716391803897, DOGEUSDT,683251943,0.1666,174594.0,1716391803741,True
1716391803546, BTCUSDT,2190230368,70239.3,0.688,1716391803540,True
1716391803546, BTCUSDT,2190230369,70239.2,1.44,1716391803540,True
1716391803546, BTCUSDT,2190230370,70239.1,3.665,1716391803540,True
1716391803546, BTCUSDT,2190230371,70239.0,1.496,1716391803540,True
1716391803546, BTCUSDT,2190230376,70238.5,0.561,1716391803540,True
1716391803546, BTCUSDT,2190230378,70238.3,0.845,1716391803540,True
1716391803546, BTCUSDT,2190230380,70238.0,1.555,1716391803540,True
1716391803547, BTCUSDT,2190230383,70237.0,0.534,1716391803540,True
1716391803547, BTCUSDT,2190230384,70236.9,0.527,1716391803540,True
1716391803547, BTCUSDT,2190230387,70236.5,0.473,1716391803540,True
1716391803547, BTCUSDT,2190230388,70236.4,1.085,1716391803540,True
1716391803547, BTCUSDT,2190230389,70236.3,0.264,1716391803540,True
1716391803547, BTCUSDT,2190230390,70236.2,0.456,1716391803540,True
1716391803547, BTCUSDT,2190230394,70235.7,0.37,1716391803540,True
1716391803547, BTCUSDT,2190230395,70235.6,0.242,1716391803540,True
1716391803547, BTCUSDT,2190230396,70235.3,1.028,1716391803540,True
1716391803547, BTCUSDT,2190230398,70235.0,0.901,1716391803540,True
1716391803547, BTCUSDT,2190230403,70234.4,0.575,1716391803540,True
1716391803547, BTCUSDT,2190230407,70233.9,0.37,1716391803540,True
1716391803547, BTCUSDT,2190230410,70233.3,1.067,1716391803540,True
1716391803547, BTCUSDT,2190230411,70233.2,2.537,1716391803540,True
1716391803547, BTCUSDT,2190230413,70233.0,2.262,1716391803540,True
1716391803547, BTCUSDT,2190230417,70232.6,0.936,1716391803540,True
1716391803547, BTCUSDT,2190230418,70232.5,0.252,1716391803540,True
1716391803547, BTCUSDT,2190230421,70232.1,0.511,1716391803540,True
1716391803547, BTCUSDT,2190230424,70231.8,1.029,1716391803540,True
1716391803547, BTCUSDT,2190230428,70231.1,0.285,1716391803540,True
1716391803547, BTCUSDT,2190230429,70231.0,1.511,1716391803540,True
1716391803548, BTCUSDT,2190230430,70230.7,0.322,1716391803540,True
1716391803548, BTCUSDT,2190230431,70230.6,1.015,1716391803540,True
1716391803548, BTCUSDT,2190230433,70230.3,0.357,1716391803540,True
1716391803548, BTCUSDT,2190230437,70229.9,0.571,1716391803540,True
1716391803548, BTCUSDT,2190230439,70229.7,0.24,1716391803540,True
1716391803548, BTCUSDT,2190230445,70229.1,0.413,1716391803540,True
1716391803548, BTCUSDT,2190230446,70228.9,0.449,1716391803540,True
1716391803548, BTCUSDT,2190230451,70228.2,0.233,1716391803540,True
1716391803548, BTCUSDT,2190230453,70228.0,1.165,1716391803541,True
1716391803548, BTCUSDT,2190230454,70227.9,0.612,1716391803541,True
1716391803548, BTCUSDT,2190230455,70227.8,0.422,1716391803541,True
1716391803548, BTCUSDT,2190230458,70227.5,1.449,1716391803541,True
1716391803942, ETHUSDT,1642727569,3751.2,6.648,1716391803901,True
1716391803548, BTCUSDT,2190230460,70227.3,0.429,1716391803541,True
1716391803548, BTCUSDT,2190230461,70227.1,0.652,1716391803541,True
1716391803548, BTCUSDT,2190230469,70226.0,0.286,1716391803541,True
1716391803548, BTCUSDT,2190230471,70225.8,0.559,1716391803541,True
1716391803548, BTCUSDT,2190230473,70225.6,0.427,1716391803541,True
1716391803548, BTCUSDT,2190230476,70225.2,1.455,1716391803541,True
1716391803548, BTCUSDT,2190230477,70225.1,0.427,1716391803541,True
1716391803549, BTCUSDT,2190230478,70224.8,1.255,1716391803541,True
1716391803549, BTCUSDT,2190230480,70224.4,1.296,1716391803541,True
1716391803564, BTCUSDT,2190230482,70224.0,3.876,1716391803541,True
1716391803595, BTCUSDT,2190230490,70251.7,0.3,1716391803574,True
1716391803599, BTCUSDT,2190230497,70245.4,0.24,1716391803577,True
1716391803696, BTCUSDT,2190230511,70240.1,0.412,1716391803693,True
1716391803743, BTCUSDT,2190230521,70233.8,0.217,1716391803740,True
1716391803772, BTCUSDT,2190230526,70231.6,0.427,1716391803749,True
1716391804024, BTCUSDT,2190230550,70229.1,3.51,1716391804000,False
1716391804095, BTCUSDT,2190230552,70229.1,1.844,1716391804061,False
1716391804071, ETHUSDT,1642727572,3751.21,14.179,1716391804061,False
1716391804131, BTCUSDT,2190230554,70229.1,0.487,1716391804095,False
1716391804343, BTCUSDT,2190230556,70229.2,1.627,1716391804304,False
1716391804771, ETHUSDT,1642727588,3751.45,14.876,1716391804761,True
1716391804872, ETHUSDT,1642727601,3751.02,15.079,1716391804846,True
1716391805287, ETHUSDT,1642727626,3750.75,15.744,1716391805269,True
1716391805390, ETHUSDT,1642727660,3750.3,8.615,1716391805345,True
1716391805478, SOLUSDT,694633988,180.743,90.0,1716391805474,True
1716391805478, SOLUSDT,694633989,180.742,93.0,1716391805474,True
1716391805497, ETHUSDT,1642727661,3750.31,15.485,1716391805389,False
1716391805570, BTCUSDT,2190230587,70229.5,2.951,1716391805525,True
1716391805749, ETHUSDT,1642727669,3750.2,7.263,1716391805746,True
1716391805751, ETHUSDT,1642727674,3750.09,5.324,1716391805748,True
1716391805752, ETHUSDT,1642727677,3750.04,8.058,1716391805750,True
1716391805788, ETHUSDT,1642727685,3749.93,6.649,1716391805785,True
1716391805839, SOLUSDT,694634004,180.731,91.0,1716391805791,True
1716391805856, ETHUSDT,1642727698,3749.72,5.18,1716391805852,True
1716391806284, ETHUSDT,1642727708,3749.66,37.812,1716391806256,False
1716391806508, ETHUSDT,1642727711,3749.65,18.118,1716391806388,True
1716391806836, ETHUSDT,1642727715,3749.66,5.396,1716391806833,False
1716391806988, ETHUSDT,1642727746,3750.3,4.0,1716391806938,True
1716391807106, ETHUSDT,1642727748,3750.3,4.492,1716391807077,True
1716391807404, ETHUSDT,1642727751,3750.3,6.239,1716391807313,True
1716391807404, ETHUSDT,1642727752,3750.29,5.15,1716391807401,True
1716391808070, ETHUSDT,1642727760,3750.09,7.04,1716391807916,True
1716391808755, ETHUSDT,1642727764,3750.09,5.851,1716391808679,True
1716391808917, ETHUSDT,1642727766,3750.09,7.725,1716391808765,True
1716391809275, BTCUSDT,2190230627,70222.1,6.398,1716391809271,False
1716391809289, BTCUSDT,2190230630,70224.0,0.504,1716391809278,False
1716391809376, ETHUSDT,1642727791,3750.78,17.402,1716391809373,True
1716391809977, ETHUSDT,1642727798,3750.67,7.04,1716391809941,True
1716391809984, ETHUSDT,1642727799,3750.68,15.287,1716391809974,False
1716391809984, BTCUSDT,2190230637,70227.8,0.218,1716391809913,True
1716391809984, BTCUSDT,2190230641,70228.8,0.286,1716391809980,False
1716391809988, DOGEUSDT,683251973,0.16653,113541.0,1716391809980,False
1716391810747, ETHUSDT,1642727833,3751.46,6.278,1716391810673,False
1716391810892, ETHUSDT,1642727834,3751.45,6.941,1716391810745,True
1716391811068, BTCUSDT,2190230661,70232.2,0.874,1716391811064,False
1716391811072, BTCUSDT,2190230663,70233.7,0.533,1716391811065,False
1716391811292, ETHUSDT,1642727863,3751.93,4.5,1716391811138,True
1716391811333, ETHUSDT,1642727865,3751.83,3.999,1716391811330,True
1716391811844, BTCUSDT,2190230694,70244.5,0.395,1716391811690,False
1716391812409, ETHUSDT,1642727892,3752.12,5.937,1716391812256,True
1716391812912, SOLUSDT,694634078,180.895,132.0,1716391812910,False
1716391812993, ETHUSDT,1642727898,3752.12,16.649,1716391812987,True
1716391813974, BTCUSDT,2190230701,70244.7,0.419,1716391813962,False
1716391814311, BTCUSDT,2190230712,70249.9,0.258,1716391814158,True
1716391814526, BTCUSDT,2190230713,70249.9,1.277,1716391814395,True
1716391814601, BTCUSDT,2190230715,70249.9,2.06,1716391814597,True
1716391814752, BTCUSDT,2190230728,70244.2,0.284,1716391814750,True
1716391814808, ETHUSDT,1642727977,3751.5,5.272,1716391814753,True
1716391814908, ETHUSDT,1642727988,3751.21,7.61,1716391814894,False
1716391814985, ETHUSDT,1642727989,3751.2,6.737,1716391814904,True
1716391814991, BTCUSDT,2190230738,70238.4,1.104,1716391814939,False
1716391816082, BTCUSDT,2190230751,70236.3,0.557,1716391816059,False
1716391816267, BTCUSDT,2190230754,70236.3,1.136,1716391816240,False
1716391816312, ETHUSDT,1642728035,3751.9,8.034,1716391816309,False
1716391816312, ETHUSDT,1642728040,3752.0,6.187,1716391816309,False
1716391816317, SOLUSDT,694634102,180.852,177.0,1716391816192,True
1716391816317, BTCUSDT,2190230756,70238.1,0.258,1716391816313,False
1716391816319, ETHUSDT,1642728044,3752.05,6.892,1716391816309,False
1716391816466, BTCUSDT,2190230764,70244.3,0.237,1716391816357,False
1716391816945, ETHUSDT,1642728054,3752.04,7.92,1716391816909,True
1716391817551, BTCUSDT,2190230776,70249.9,0.35,1716391817399,True
1716391818390, ETHUSDT,1642728074,3752.28,7.326,1716391818245,True
1716391818602, BTCUSDT,2190230784,70249.9,13.004,1716391818589,True
1716391818602, BTCUSDT,2190230785,70249.4,1.06,1716391818599,True
1716391818602, BTCUSDT,2190230786,70249.1,0.27,1716391818599,True
1716391818602, BTCUSDT,2190230789,70247.9,0.353,1716391818599,True
1716391818602, BTCUSDT,2190230798,70245.8,0.27,1716391818599,True
1716391818602, BTCUSDT,2190230805,70244.1,0.27,1716391818599,True
1716391818602, BTCUSDT,2190230815,70242.0,0.372,1716391818599,True
1716391818603, BTCUSDT,2190230825,70239.6,0.37,1716391818599,True
1716391818603, BTCUSDT,2190230826,70239.5,0.497,1716391818599,True
1716391818610, ETHUSDT,1642728077,3752.28,13.802,1716391818592,True
1716391818603, BTCUSDT,2190230832,70238.2,0.228,1716391818599,True
1716391818603, BTCUSDT,2190230836,70237.8,0.37,1716391818599,True
1716391818603, BTCUSDT,2190230838,70237.6,3.54,1716391818599,True
1716391818603, BTCUSDT,2190230839,70237.5,4.002,1716391818599,True
1716391818603, BTCUSDT,2190230842,70237.2,0.41,1716391818599,True
1716391818603, BTCUSDT,2190230847,70236.2,0.48,1716391818599,True
1716391818603, BTCUSDT,2190230852,70235.2,0.336,1716391818599,True
1716391818603, BTCUSDT,2190230861,70233.8,0.239,1716391818600,True
1716391818604, BTCUSDT,2190230862,70233.2,0.645,1716391818600,True
1716391818604, BTCUSDT,2190230864,70232.7,1.857,1716391818600,True
1716391818604, BTCUSDT,2190230865,70232.6,0.409,1716391818600,True
1716391818604, BTCUSDT,2190230868,70232.1,0.606,1716391818600,True
1716391818604, BTCUSDT,2190230869,70232.0,0.263,1716391818600,True
1716391818604, BTCUSDT,2190230870,70231.9,0.537,1716391818600,True
1716391818604, BTCUSDT,2190230875,70231.1,1.972,1716391818600,True
1716391818604, BTCUSDT,2190230876,70231.0,1.537,1716391818600,True
1716391818604, BTCUSDT,2190230880,70230.3,1.471,1716391818600,True
1716391818604, BTCUSDT,2190230884,70229.8,0.82,1716391818600,True
1716391818604, BTCUSDT,2190230886,70229.5,0.292,1716391818600,True
1716391818605, BTCUSDT,2190230901,70226.9,1.051,1716391818600,True
1716391818605, BTCUSDT,2190230902,70226.8,0.886,1716391818600,True
1716391818605, BTCUSDT,2190230904,70226.3,0.899,1716391818600,True
1716391818605, BTCUSDT,2190230905,70226.2,0.518,1716391818600,True
1716391818605, BTCUSDT,2190230906,70226.1,0.625,1716391818600,True
1716391818605, BTCUSDT,2190230907,70226.0,0.77,1716391818600,True
1716391818605, BTCUSDT,2190230908,70225.9,0.539,1716391818600,True
1716391818605, BTCUSDT,2190230912,70225.5,2.48,1716391818600,True
1716391818605, BTCUSDT,2190230913,70225.4,0.725,1716391818600,True
1716391818605, BTCUSDT,2190230915,70224.7,0.617,1716391818600,True
1716391818605, BTCUSDT,2190230919,70224.1,0.986,1716391818600,True
1716391818605, BTCUSDT,2190230920,70224.0,4.751,1716391818600,True
1716391818605, BTCUSDT,2190230923,70223.7,0.539,1716391818600,True
1716391818656, WIFUSDT,130367579,3.21,6041.2,1716391818616,True
1716391818605, BTCUSDT,2190230925,70223.5,0.279,1716391818600,True
1716391818605, BTCUSDT,2190230927,70223.2,0.899,1716391818600,True
1716391818605, BTCUSDT,2190230928,70223.1,1.443,1716391818600,True
1716391818605, BTCUSDT,2190230933,70222.6,1.067,1716391818600,True
1716391818605, BTCUSDT,2190230935,70222.1,0.414,1716391818600,True
1716391818605, BTCUSDT,2190230937,70221.9,0.802,1716391818600,True
1716391818605, BTCUSDT,2190230938,70221.8,2.802,1716391818600,True
1716391818605, BTCUSDT,2190230944,70220.7,0.909,1716391818600,True
1716391818606, BTCUSDT,2190230950,70220.1,1.528,1716391818600,True
1716391818606, BTCUSDT,2190230959,70219.1,1.804,1716391818600,True
1716391818606, BTCUSDT,2190230960,70219.0,2.603,1716391818600,True
1716391818606, BTCUSDT,2190230963,70218.6,1.014,1716391818600,True
1716391818606, BTCUSDT,2190230964,70218.5,1.089,1716391818600,True
1716391818606, BTCUSDT,2190230966,70218.3,1.024,1716391818600,True
1716391818606, BTCUSDT,2190230969,70218.0,0.802,1716391818600,True
1716391818606, BTCUSDT,2190230970,70217.9,1.774,1716391818600,True
1716391818606, BTCUSDT,2190230971,70217.8,0.587,1716391818600,True
1716391818606, BTCUSDT,2190230972,70217.7,0.57,1716391818600,True
1716391818606, BTCUSDT,2190230973,70217.6,0.571,1716391818600,True
1716391818606, BTCUSDT,2190230977,70217.0,1.51,1716391818600,True
1716391818606, BTCUSDT,2190230978,70216.9,0.338,1716391818600,True
1716391818606, BTCUSDT,2190230981,70216.5,1.522,1716391818600,True
1716391818606, BTCUSDT,2190230984,70216.2,1.26,1716391818600,True
1716391818606, BTCUSDT,2190230985,70216.1,0.272,1716391818600,True
1716391818606, BTCUSDT,2190230993,70215.0,0.992,1716391818600,True
1716391818606, BTCUSDT,2190230995,70214.8,0.348,1716391818600,True
1716391818606, BTCUSDT,2190230998,70214.5,0.589,1716391818601,True
1716391818607, BTCUSDT,2190231004,70213.6,2.821,1716391818601,True
1716391818607, BTCUSDT,2190231005,70213.5,1.02,1716391818601,True
1716391818607, BTCUSDT,2190231013,70212.4,0.969,1716391818601,True
1716391818607, BTCUSDT,2190231017,70211.8,1.573,1716391818601,True
1716391818802, DOGEUSDT,683252022,0.16654,97933.0,1716391818640,True
1716391818610, ETHUSDT,1642728083,3752.15,7.0,1716391818604,True
1716391818622, ETHUSDT,1642728111,3751.69,5.33,1716391818611,True
1716391818607, BTCUSDT,2190231021,70211.3,0.568,1716391818601,True
1716391818607, BTCUSDT,2190231022,70211.0,1.104,1716391818601,True
1716391818607, BTCUSDT,2190231024,70210.8,1.745,1716391818601,True
1716391818607, BTCUSDT,2190231027,70210.4,1.045,1716391818601,True
1716391818607, BTCUSDT,2190231029,70210.2,0.354,1716391818601,True
1716391818723, BTCUSDT,2190231033,70229.5,0.652,1716391818619,True
1716391818731, BTCUSDT,2190231034,70229.5,0.418,1716391818721,True
1716391818807, BTCUSDT,2190231042,70222.1,1.242,1716391818804,False
1716391818823, BTCUSDT,2190231044,70222.1,0.412,1716391818817,False
1716391818829, BTCUSDT,2190231046,70222.1,0.595,1716391818823,False
1716391818841, BTCUSDT,2190231048,70222.1,1.0,1716391818837,False
1716391818850, BTCUSDT,2190231050,70222.1,2.305,1716391818840,False
1716391818872, BTCUSDT,2190231052,70222.1,0.583,1716391818870,False
1716391818872, BTCUSDT,2190231053,70222.7,0.427,1716391818870,False
1716391818872, BTCUSDT,2190231054,70223.8,1.014,1716391818870,False
1716391818925, BTCUSDT,2190231055,70223.9,0.6,1716391818870,False
1716391818925, BTCUSDT,2190231056,70224.0,0.245,1716391818923,False
1716391819425, SOLUSDT,694634153,180.829,102.0,1716391819423,True
1716391820227, ETHUSDT,1642728151,3751.4,6.842,1716391820195,True
1716391820377, BTCUSDT,2190231062,70225.9,1.839,1716391820224,True
1716391820971, ETHUSDT,1642728156,3751.4,7.76,1716391820909,True
1716391821759, ETHUSDT,1642728163,3751.4,7.572,1716391821668,True
1716391822082, BTCUSDT,2190231073,70225.9,0.25,1716391822043,True
1716391822157, BTCUSDT,2190231075,70225.9,3.764,1716391822152,True
1716391822157, BTCUSDT,2190231079,70224.1,0.295,1716391822152,True
1716391822169, BTCUSDT,2190231080,70224.0,0.854,1716391822152,True
1716391822247, ETHUSDT,1642728168,3751.41,4.83,1716391822104,False
1716391822307, BTCUSDT,2190231083,70222.7,0.709,1716391822167,True
1716391822314, ETHUSDT,1642728169,3751.4,25.001,1716391822244,True
1716391822556, BTCUSDT,2190231085,70222.8,0.563,1716391822403,False
1716391823162, SOLUSDT,694634187,180.807,183.0,1716391823160,False
1716391823699, DOGEUSDT,683252054,0.16651,99861.0,1716391823665,False
1716391823664, ETHUSDT,1642728198,3751.09,21.966,1716391823661,False
1716391823664, ETHUSDT,1642728200,3751.11,8.76,1716391823662,False
1716391823664, ETHUSDT,1642728208,3751.39,4.011,1716391823662,False
1716391823667, ETHUSDT,1642728228,3751.73,6.25,1716391823663,False
1716391823670, ETHUSDT,1642728232,3751.77,4.665,1716391823664,False
1716391823676, ETHUSDT,1642728237,3751.86,6.413,1716391823665,False
1716391823904, BTCUSDT,2190231090,70222.8,0.432,1716391823751,False
1716391823681, ETHUSDT,1642728251,3752.05,7.59,1716391823676,False
1716391823681, ETHUSDT,1642728252,3752.07,4.003,1716391823676,False
1716391823681, ETHUSDT,1642728253,3752.08,12.26,1716391823676,False
1716391823691, ETHUSDT,1642728260,3752.12,8.948,1716391823684,False
1716391823693, ETHUSDT,1642728268,3752.22,6.699,1716391823684,False
1716391823696, ETHUSDT,1642728272,3752.28,10.141,1716391823687,False
1716391823699, ETHUSDT,1642728273,3752.16,4.004,1716391823690,False
1716391823704, ETHUSDT,1642728276,3752.3,12.313,1716391823695,False
1716391823744, ETHUSDT,1642728292,3752.58,5.378,1716391823738,False
1716391823902, ETHUSDT,1642728297,3752.57,7.848,1716391823789,True
1716391824022, BTCUSDT,2190231091,70222.8,6.855,1716391823902,False
1716391823992, ETHUSDT,1642728303,3752.64,7.341,1716391823985,False
1716391824143, ETHUSDT,1642728304,3752.65,5.338,1716391823988,False
1716391824472, BTCUSDT,2190231097,70225.9,0.499,1716391824333,True
1716391824962, ETHUSDT,1642728309,3752.64,7.92,1716391824807,True
1716391825027, BTCUSDT,2190231099,70225.9,0.474,1716391824872,True
1716391825034, ETHUSDT,1642728314,3752.5,6.91,1716391825023,True
1716391825039, ETHUSDT,1642728325,3752.22,4.393,1716391825036,True
1716391825039, ETHUSDT,1642728332,3752.13,8.0,1716391825036,True
1716391825191, ETHUSDT,1642728337,3752.07,4.082,1716391825122,True
1716391825515, ETHUSDT,1642728348,3751.95,25.554,1716391825445,False
1716391825549, ETHUSDT,1642728350,3751.95,6.014,1716391825538,False
1716391825560, ETHUSDT,1642728353,3752.1,9.586,1716391825557,False
1716391825835, ETHUSDT,1642728360,3752.43,4.878,1716391825703,True
1716391825880, ETHUSDT,1642728365,3752.31,14.434,1716391825876,True
1716391825882, ETHUSDT,1642728368,3752.14,4.011,1716391825879,True
1716391825919, ETHUSDT,1642728374,3751.97,5.02,1716391825911,True
1716391826168, BTCUSDT,2190231103,70225.9,0.277,1716391826046,True
1716391827002, ETHUSDT,1642728410,3751.29,25.582,1716391826867,False
1716391827105, BTCUSDT,2190231106,70226.0,2.0,1716391826952,False
1716391827496, BTCUSDT,2190231108,70225.9,1.442,1716391827494,True
1716391827498, BTCUSDT,2190231109,70225.8,0.359,1716391827494,True
1716391827502, ETHUSDT,1642728415,3751.28,4.275,1716391827499,True
1716391827643, ETHUSDT,1642728421,3751.09,84.697,1716391827641,False
1716391828794, ETHUSDT,1642728431,3751.08,10.0,1716391828640,False
1716391829025, ETHUSDT,1642728433,3751.07,7.28,1716391828901,True
1716391829148, ETHUSDT,1642728434,3751.08,6.383,1716391829023,False
1716391829852, ETHUSDT,1642728437,3751.07,8.053,1716391829705,True
1716391830059, BTCUSDT,2190231130,70222.1,1.01,1716391829906,True
1716391830536, ETHUSDT,1642728442,3751.07,6.38,1716391830507,True
1716391830591, ETHUSDT,1642728444,3751.07,45.191,1716391830588,True
1716391830594, BTCUSDT,2190231133,70222.1,0.476,1716391830536,True
1716391830597, ETHUSDT,1642728469,3750.67,5.583,1716391830591,True
1716391830597, ETHUSDT,1642728472,3750.62,4.015,1716391830593,True
1716391830833, ETHUSDT,1642728488,3750.39,17.91,1716391830776,False
1716391831118, BTCUSDT,2190231168,70208.4,0.584,1716391831089,True
1716391831357, BTCUSDT,2190231174,70206.3,0.586,1716391831354,True
1716391831376, DOGEUSDT,683252092,0.16641,129872.0,1716391831357,True
1716391831883, BTCUSDT,2190231179,70204.2,0.317,1716391831881,True
1716391831885, ETHUSDT,1642728538,3749.53,27.474,1716391831827,True
1716391832624, BTCUSDT,2190231190,70202.2,0.307,1716391832621,True
1716391832730, ETHUSDT,1642728562,3749.14,5.505,1716391832611,True
1716391833036, BTCUSDT,2190231200,70200.0,0.572,1716391833033,True
1716391833036, BTCUSDT,2190231211,70197.7,0.5,1716391833033,True
1716391833036, BTCUSDT,2190231213,70197.4,0.682,1716391833033,True
1716391833051, ETHUSDT,1642728565,3749.14,7.162,1716391832898,True
1716391833189, BTCUSDT,2190231216,70197.0,0.578,1716391833036,True
1716391833255, BTCUSDT,2190231217,70197.0,1.746,1716391833253,True
1716391833262, ETHUSDT,1642728569,3749.13,39.5,1716391833260,True
1716391833265, ETHUSDT,1642728577,3749.0,4.844,1716391833262,True
1716391833406, BTCUSDT,2190231226,70195.0,0.244,1716391833253,True
1716391833414, ETHUSDT,1642728591,3748.84,7.851,1716391833327,False
1716391833816, BTCUSDT,2190231229,70195.0,1.0,1716391833795,True
1716391834512, BTCUSDT,2190231243,70192.5,0.81,1716391834376,True
1716391834549, SOLUSDT,694634312,180.656,100.0,1716391834396,True
1716391834922, ETHUSDT,1642728598,3748.83,4.813,1716391834919,True
1716391835529, BTCUSDT,2190231254,70192.4,1.863,1716391835526,True
1716391836035, BTCUSDT,2190231270,70188.9,1.06,1716391835931,True
1716391836157, ETHUSDT,1642728624,3748.58,5.339,1716391836096,True
1716391836255, WIFUSDT,130368291,3.2046,5474.4,1716391836253,False
1716391837168, BTCUSDT,2190231283,70188.5,2.62,1716391837163,False
1716391837172, ETHUSDT,1642728636,3748.53,18.492,1716391837165,False
1716391837421, BTCUSDT,2190231289,70192.4,0.512,1716391837268,True
1716391837459, ETHUSDT,1642728640,3748.58,7.04,1716391837306,True
1716391837789, ETHUSDT,1642728665,3749.09,4.372,1716391837783,False
1716391837854, ETHUSDT,1642728682,3749.39,4.476,1716391837819,False
1716391838405, ETHUSDT,1642728716,3749.87,7.04,1716391838251,True
1716391839026, BTCUSDT,2190231299,70192.5,1.326,1716391838920,False
1716391839028, BTCUSDT,2190231300,70192.5,0.547,1716391839024,False
1716391839028, BTCUSDT,2190231304,70193.4,0.333,1716391839024,False
1716391839287, ETHUSDT,1642728731,3750.18,5.2,1716391839182,True
1716391839480, ETHUSDT,1642728749,3750.49,8.179,1716391839327,True
1716391839764, ETHUSDT,1642728750,3750.49,10.0,1716391839611,True
1716391840096, ETHUSDT,1642728764,3749.93,7.716,1716391839959,True
1716391840318, ETHUSDT,1642728766,3749.93,8.0,1716391840301,True
1716391840363, ETHUSDT,1642728772,3749.81,10.0,1716391840360,False
1716391840451, BTCUSDT,2190231328,70200.7,2.691,1716391840412,True
1716391840817, BTCUSDT,2190231334,70199.8,0.347,1716391840721,False
1716391842986, ETHUSDT,1642728799,3749.53,10.936,1716391842965,False
1716391843899, ETHUSDT,1642728829,3749.61,7.96,1716391843777,False
1716391844209, SOLUSDT,694634375,180.701,270.0,1716391844205,True
1716391844260, ETHUSDT,1642728842,3749.42,5.006,1716391844256,True
1716391844261, ETHUSDT,1642728852,3749.32,7.862,1716391844257,True
1716391844261, ETHUSDT,1642728858,3749.23,5.57,1716391844257,True
1716391844347, BTCUSDT,2190231357,70197.6,0.907,1716391844341,True
1716391845357, BTCUSDT,2190231376,70192.5,0.327,1716391845298,True
1716391845698, BTCUSDT,2190231379,70192.6,0.712,1716391845590,False
1716391845709, WIFUSDT,130368690,3.2099,4888.4,1716391845701,True
1716391846086, DOGEUSDT,683252202,0.16636,115495.0,1716391846083,False
1716391846086, DOGEUSDT,683252205,0.16639,172885.0,1716391846083,False
1716391846086, DOGEUSDT,683252206,0.1664,144429.0,1716391846083,False
1716391846086, DOGEUSDT,683252207,0.16641,213123.0,1716391846083,False
1716391846086, DOGEUSDT,683252208,0.16642,144206.0,1716391846083,False
1716391846093, DOGEUSDT,683252210,0.16644,204603.0,1716391846083,False
1716391846236, ETHUSDT,1642728895,3749.27,5.267,1716391846201,False
1716391846535, ETHUSDT,1642728902,3749.55,12.297,1716391846381,True
1716391847039, ETHUSDT,1642728904,3749.55,7.202,1716391846885,True
1716391847731, ETHUSDT,1642728912,3749.55,8.059,1716391847693,True
1716391847892, ETHUSDT,1642728914,3749.55,8.817,1716391847768,True
1716391848567, ETHUSDT,1642728921,3749.6,5.545,1716391848438,False
1716391848876, ETHUSDT,1642728923,3749.59,7.76,1716391848820,True
1716391849137, BTCUSDT,2190231402,70192.5,0.5,1716391849094,True
1716391849288, BTCUSDT,2190231403,70192.6,0.819,1716391849134,False
1716391849376, ETHUSDT,1642728925,3749.59,30.0,1716391849224,True
1716391849563, ETHUSDT,1642728926,3749.6,5.212,1716391849409,False
1716391849656, BTCUSDT,2190231406,70192.5,0.25,1716391849502,True
1716391849868, BTCUSDT,2190231407,70192.5,0.398,1716391849781,True
1716391849934, ETHUSDT,1642728933,3749.86,8.0,1716391849903,True
1716391850805, ETHUSDT,1642728952,3750.08,5.488,1716391850651,False
1716391851014, ETHUSDT,1642728953,3750.08,6.66,1716391850999,False
1716391851806, ETHUSDT,1642728976,3749.98,4.757,1716391851677,False
1716391852228, ETHUSDT,1642728978,3749.97,15.946,1716391852074,True
1716391852444, ETHUSDT,1642728980,3749.97,5.0,1716391852316,True
1716391852475, BTCUSDT,2190231422,70193.9,0.259,1716391852321,True
1716391852971, ETHUSDT,1642728984,3749.97,6.364,1716391852836,True
1716391853235, ETHUSDT,1642728996,3750.22,7.6,1716391853082,True
1716391854215, BTCUSDT,2190231433,70193.9,0.853,1716391854062,True
1716391854329, ETHUSDT,1642729015,3750.46,8.0,1716391854276,True
1716391854450, ETHUSDT,1642729018,3750.46,7.758,1716391854447,True
1716391854551, BTCUSDT,2190231434,70193.9,2.0,1716391854410,True
1716391854673, BTCUSDT,2190231435,70194.0,0.234,1716391854549,False
1716391855251, ETHUSDT,1642729035,3750.01,25.308,1716391855241,True
1716391855768, SOLUSDT,694634428,180.607,92.0,1716391855765,True
1716391855768, SOLUSDT,694634434,180.6,148.0,1716391855765,True
1716391855769, SOLUSDT,694634443,180.59,111.0,1716391855765,True
1716391855769, SOLUSDT,694634446,180.587,91.0,1716391855765,True
1716391855769, SOLUSDT,694634451,180.582,92.0,1716391855765,True
1716391855769, SOLUSDT,694634453,180.58,183.0,1716391855765,True
1716391855769, SOLUSDT,694634454,180.579,112.0,1716391855765,True
1716391855769, SOLUSDT,694634456,180.576,88.0,1716391855765,True
1716391855769, SOLUSDT,694634458,180.574,104.0,1716391855765,True
1716391855769, SOLUSDT,694634460,180.572,89.0,1716391855765,True
1716391855769, SOLUSDT,694634471,180.561,124.0,1716391855765,True
1716391855791, ETHUSDT,1642729056,3749.58,5.867,1716391855775,True
1716391855836, BTCUSDT,2190231443,70193.9,1.612,1716391855683,True
1716391856884, BTCUSDT,2190231463,70189.0,1.289,1716391856881,True
1716391857035, BTCUSDT,2190231464,70188.9,3.181,1716391856881,True
1716391857104, ETHUSDT,1642729085,3749.09,15.49,1716391857049,False
1716391857735, BTCUSDT,2190231469,70188.9,0.705,1716391857733,True
1716391857740, BTCUSDT,2190231472,70188.1,0.58,1716391857736,True
1716391858032, SOLUSDT,694634505,180.541,85.0,1716391858030,False
1716391858033, SOLUSDT,694634529,180.579,91.0,1716391858030,False
1716391858033, SOLUSDT,694634530,180.58,85.0,1716391858030,False
1716391858034, SOLUSDT,694634532,180.584,97.0,1716391858030,False
1716391858453, ETHUSDT,1642729114,3748.66,15.92,1716391858419,False
1716391858453, ETHUSDT,1642729115,3748.65,38.164,1716391858451,True
1716391858454, ETHUSDT,1642729130,3748.4,6.261,1716391858451,True
1716391858460, ETHUSDT,1642729139,3748.29,10.284,1716391858452,True
1716391858917, BTCUSDT,2190231501,70182.7,0.278,1716391858818,True
1716391859667, ETHUSDT,1642729180,3748.07,5.555,1716391859603,False
1716391859667, ETHUSDT,1642729181,3748.21,12.0,1716391859665,True
1716391860096, ETHUSDT,1642729184,3748.22,10.676,1716391860015,False
1716391861136, ETHUSDT,1642729206,3748.76,4.291,1716391861113,False
1716391861473, SOLUSDT,694634555,180.568,479.0,1716391861396,False
1716391861478, BTCUSDT,2190231527,70182.7,2.021,1716391861468,False
1716391861530, BTCUSDT,2190231532,70184.2,0.405,1716391861475,False
1716391861648, ETHUSDT,1642729224,3749.1,4.652,1716391861533,False
1716391861711, BTCUSDT,2190231538,70188.8,2.0,1716391861702,True
1716391861897, ETHUSDT,1642729242,3749.39,4.032,1716391861788,True
1716391862017, ETHUSDT,1642729243,3749.39,7.12,1716391861896,True
1716391862062, BTCUSDT,2190231552,70191.0,2.002,1716391861972,True
1716391862243, BTCUSDT,2190231554,70191.0,0.625,1716391862103,True
1716391862244, ETHUSDT,1642729247,3749.39,20.0,1716391862235,True
1716391862295, BTCUSDT,2190231555,70191.0,0.595,1716391862241,True
1716391862340, BTCUSDT,2190231556,70191.1,3.743,1716391862293,False
1716391862511, BTCUSDT,2190231565,70193.5,0.536,1716391862497,False
1716391862662, ETHUSDT,1642729264,3749.68,20.104,1716391862577,True
1716391862880, ETHUSDT,1642729293,3749.41,9.654,1716391862877,False
1716391863128, ETHUSDT,1642729300,3749.74,9.009,1716391863106,False
1716391863129, ETHUSDT,1642729313,3750.0,5.027,1716391863126,False
1716391863130, ETHUSDT,1642729320,3750.15,4.575,1716391863126,False
1716391863167, BTCUSDT,2190231574,70196.0,0.29,1716391863015,True
1716391863248, ETHUSDT,1642729326,3750.22,5.476,1716391863136,False
1716391863604, BTCUSDT,2190231578,70196.2,0.684,1716391863601,True
1716391864269, ETHUSDT,1642729345,3750.47,7.17,1716391864116,True
1716391864728, ETHUSDT,1642729372,3750.93,7.84,1716391864575,True
1716391865078, ETHUSDT,1642729376,3750.94,4.35,1716391864972,False
1716391865085, SOLUSDT,694634580,180.656,487.0,1716391865083,False
1716391865266, BTCUSDT,2190231587,70197.5,0.346,1716391865113,True
1716391865307, BTCUSDT,2190231593,70199.5,0.586,1716391865305,False
1716391865307, BTCUSDT,2190231595,70199.7,7.143,1716391865305,False
1716391865309, BTCUSDT,2190231597,70200.0,0.629,1716391865305,False
1716391865309, BTCUSDT,2190231603,70201.2,0.912,1716391865305,False
1716391865309, BTCUSDT,2190231604,70201.7,1.067,1716391865305,False
1716391865309, BTCUSDT,2190231610,70203.0,1.071,1716391865305,False
1716391865309, BTCUSDT,2190231613,70203.9,0.802,1716391865305,False
1716391865309, BTCUSDT,2190231615,70204.1,0.506,1716391865305,False
1716391865319, ETHUSDT,1642729378,3750.94,8.509,1716391865308,False
1716391865331, ETHUSDT,1642729384,3751.06,5.416,1716391865317,False
1716391865331, ETHUSDT,1642729385,3751.07,5.0,1716391865328,False
1716391865363, SOLUSDT,694634589,180.697,139.0,1716391865340,False
1716391865412, DOGEUSDT,683252271,0.16651,120757.0,1716391865314,False
1716391865477, ETHUSDT,1642729390,3751.12,51.211,1716391865445,False
1716391865502, ETHUSDT,1642729394,3751.21,5.103,1716391865475,False
1716391865564, ETHUSDT,1642729398,3751.28,4.945,1716391865501,False
1716391865398, BTCUSDT,2190231620,70205.2,0.793,1716391865332,False
1716391865927, ETHUSDT,1642729401,3751.27,23.235,1716391865799,True
1716391866004, BTCUSDT,2190231641,70213.7,0.541,1716391865850,True
1716391866512, ETHUSDT,1642729406,3751.28,7.678,1716391866359,False
1716391866788, ETHUSDT,1642729408,3751.27,29.148,1716391866763,True
1716391866858, BTCUSDT,2190231647,70213.7,1.98,1716391866801,True
1716391867437, BTCUSDT,2190231659,70208.0,0.396,1716391867371,True
1716391868017, SOLUSDT,694634611,180.64,108.0,1716391868014,False
1716391868042, ETHUSDT,1642729451,3750.41,10.917,1716391868005,False
1716391868058, ETHUSDT,1642729455,3750.53,5.0,1716391868055,True
1716391869460, ETHUSDT,1642729490,3751.27,7.84,1716391869434,True
1716391869719, BTCUSDT,2190231683,70212.6,0.335,1716391869566,False
1716391869944, ETHUSDT,1642729495,3751.28,5.886,1716391869892,False
1716391869944, ETHUSDT,1642729496,3751.27,16.927,1716391869940,True
1716391870751, BTCUSDT,2190231694,70206.5,0.417,1716391870670,False
1716391871045, ETHUSDT,1642729534,3750.35,15.556,1716391870959,True
1716391871130, BTCUSDT,2190231696,70206.4,1.04,1716391870977,True
1716391871373, BTCUSDT,2190231697,70206.5,0.242,1716391871220,False
1716391871813, ETHUSDT,1642729546,3750.25,34.798,1716391871793,False
1716391871908, BTCUSDT,2190231701,70206.5,2.007,1716391871754,False
1716391872173, ETHUSDT,1642729583,3751.18,5.471,1716391872171,True
1716391872241, SOLUSDT,694634632,180.672,113.0,1716391872088,True
1716391873010, ETHUSDT,1642729608,3750.5,7.214,1716391872936,True
1716391873011, ETHUSDT,1642729613,3750.93,5.757,1716391873008,False
1716391873596, ETHUSDT,1642729630,3751.26,9.989,1716391873443,True
1716391873876, ETHUSDT,1642729632,3751.26,7.497,1716391873753,True
1716391874893, ETHUSDT,1642729641,3751.26,16.032,1716391874813,True
1716391874904, ETHUSDT,1642729644,3751.1,13.389,1716391874892,False
1716391874966, BTCUSDT,2190231723,70213.3,0.728,1716391874811,True
1716391875613, BTCUSDT,2190231727,70213.3,0.67,1716391875610,True
1716391876640, ETHUSDT,1642729660,3750.99,25.387,1716391876637,True
1716391876867, ETHUSDT,1642729663,3750.95,4.41,1716391876815,True
1716391877003, ETHUSDT,1642729668,3750.9,29.953,1716391876912,False
1716391877189, WIFUSDT,130369708,3.22,6929.1,1716391877184,False
1716391877192, WIFUSDT,130369763,3.2255,4664.4,1716391877185,False
1716391877192, WIFUSDT,130369767,3.2259,12465.8,1716391877185,False
1716391877193, WIFUSDT,130369786,3.2278,6548.5,1716391877186,False
1716391877193, WIFUSDT,130369790,3.2283,10366.9,1716391877186,False
1716391877193, WIFUSDT,130369794,3.2287,7790.7,1716391877186,False
1716391877193, WIFUSDT,130369805,3.2298,7986.4,1716391877186,False
1716391877194, WIFUSDT,130369807,3.23,5168.6,1716391877186,False
1716391877225, WIFUSDT,130369825,3.23,56836.2,1716391877222,True
1716391877227, WIFUSDT,130369827,3.23,33092.1,1716391877224,True
1716391877331, DOGEUSDT,683252327,0.16659,117792.0,1716391877288,False
1716391877411, ETHUSDT,1642729678,3751.2,6.698,1716391877408,False
1716391877411, ETHUSDT,1642729679,3751.21,4.5,1716391877408,False
1716391877412, ETHUSDT,1642729682,3751.27,10.615,1716391877408,False
1716391877412, ETHUSDT,1642729683,3751.28,5.592,1716391877408,False
1716391877413, ETHUSDT,1642729701,3751.52,4.329,1716391877408,False
1716391877413, ETHUSDT,1642729702,3751.53,4.264,1716391877408,False
1716391877413, ETHUSDT,1642729708,3751.6,4.869,1716391877408,False
1716391877413, ETHUSDT,1642729710,3751.62,5.344,1716391877408,False
1716391877413, ETHUSDT,1642729713,3751.66,7.45,1716391877408,False
1716391877413, ETHUSDT,1642729718,3751.74,8.158,1716391877408,False
1716391877413, ETHUSDT,1642729728,3751.85,5.332,1716391877408,False
1716391877414, ETHUSDT,1642729733,3751.92,9.979,1716391877408,False
1716391877414, ETHUSDT,1642729737,3751.96,5.356,1716391877409,False
1716391877414, ETHUSDT,1642729738,3751.97,5.331,1716391877409,False
1716391877414, ETHUSDT,1642729740,3751.59,5.4,1716391877412,True
1716391877428, SOLUSDT,694634661,180.699,568.0,1716391877337,False
1716391877487, BTCUSDT,2190231745,70210.0,2.85,1716391877417,False
1716391877524, ETHUSDT,1642729745,3751.87,8.67,1716391877469,False
1716391878103, BTCUSDT,2190231753,70212.6,0.409,1716391878087,False
1716391878274, ETHUSDT,1642729785,3752.28,7.921,1716391878242,True
1716391878354, WIFUSDT,130370146,3.2334,6107.6,1716391878348,False
1716391878849, ETHUSDT,1642729798,3752.41,12.371,1716391878845,True
1716391878849, ETHUSDT,1642729800,3752.33,5.332,1716391878845,True
1716391878899, BTCUSDT,2190231783,70221.8,0.347,1716391878803,True
1716391879083, BTCUSDT,2190231788,70218.4,5.002,1716391878961,False
1716391879369, BTCUSDT,2190231791,70218.4,3.398,1716391879239,False
1716391879512, ETHUSDT,1642729821,3751.88,7.2,1716391879359,True
1716391880097, WIFUSDT,130370411,3.2339,4668.0,1716391880093,True
1716391880630, SOLUSDT,694634707,180.763,134.0,1716391880628,False
1716391880858, BTCUSDT,2190231799,70221.9,0.835,1716391880842,False
1716391880955, ETHUSDT,1642729849,3752.42,8.135,1716391880823,True
1716391881033, ETHUSDT,1642729851,3752.42,5.768,1716391880966,True
1716391881152, ETHUSDT,1642729854,3752.41,15.58,1716391881111,False
1716391881682, BTCUSDT,2190231804,70221.8,0.231,1716391881529,True
1716391881975, ETHUSDT,1642729859,3752.4,7.98,1716391881821,True
1716391882940, ETHUSDT,1642729864,3752.4,8.191,1716391882786,True
1716391883328, BTCUSDT,2190231811,70221.8,0.518,1716391883174,True
1716391883879, ETHUSDT,1642729875,3752.39,4.014,1716391883864,True
1716391884197, ETHUSDT,1642729884,3752.13,15.527,1716391884047,False
1716391884946, WIFUSDT,130370781,3.2286,5152.2,1716391884941,True
1716391884946, WIFUSDT,130370787,3.228,5348.8,1716391884941,True
1716391885059, BTCUSDT,2190231819,70221.8,0.274,1716391884907,True
1716391886725, ETHUSDT,1642729904,3752.12,4.223,1716391886588,True
1716391887299, ETHUSDT,1642729912,3752.12,25.549,1716391887145,True
1716391887486, ETHUSDT,1642729914,3752.12,10.962,1716391887459,True
1716391887774, DOGEUSDT,683252359,0.16666,110692.0,1716391887772,False
1716391887775, DOGEUSDT,683252363,0.1667,118116.0,1716391887772,False
1716391887775, DOGEUSDT,683252365,0.16672,253238.0,1716391887772,False
1716391887776, DOGEUSDT,683252366,0.16673,151125.0,1716391887772,False
1716391887781, DOGEUSDT,683252367,0.16674,161618.0,1716391887772,False
1716391888107, DOGEUSDT,683252382,0.16676,157645.0,1716391888095,False
1716391888108, DOGEUSDT,683252384,0.16678,162188.0,1716391888103,False
1716391888109, DOGEUSDT,683252385,0.16679,117938.0,1716391888103,False
1716391889005, ETHUSDT,1642729927,3752.02,6.665,1716391889002,True
1716391889397, ETHUSDT,1642729937,3751.85,18.0,1716391889359,True
1716391890214, BNBUSDT,569896276,620.0,59.56,1716391890211,False
1716391890214, BNBUSDT,569896277,620.01,87.79,1716391890211,False
1716391890214, BNBUSDT,569896281,620.05,52.56,1716391890211,False
1716391890253, ETHUSDT,1642729943,3751.86,13.825,1716391890202,False
1716391890277, BTCUSDT,2190231844,70221.9,0.914,1716391890219,False
1716391890277, BTCUSDT,2190231847,70222.7,0.464,1716391890274,False
1716391890915, ETHUSDT,1642729956,3752.14,31.414,1716391890911,False
1716391890916, ETHUSDT,1642729957,3752.13,7.84,1716391890912,True
1716391891071, ETHUSDT,1642729965,3752.42,4.964,1716391890947,False
1716391891623, ETHUSDT,1642729971,3752.41,16.655,1716391891607,True
1716391891653, BTCUSDT,2190231866,70226.3,0.5,1716391891499,True
1716391892298, ETHUSDT,1642729979,3752.24,7.23,1716391892145,True
1716391892682, ETHUSDT,1642729994,3752.64,5.642,1716391892680,False
1716391892767, ETHUSDT,1642729995,3752.65,16.071,1716391892680,False
1716391892824, ETHUSDT,1642730018,3752.98,33.226,1716391892822,True
1716391893190, ETHUSDT,1642730024,3752.99,19.026,1716391893186,True
1716391893420, ETHUSDT,1642730032,3752.87,7.575,1716391893268,True
1716391894056, SOLUSDT,694634800,180.853,91.0,1716391894033,True
1716391894938, ETHUSDT,1642730049,3752.76,7.6,1716391894785,True
1716391895047, ETHUSDT,1642730050,3752.77,6.476,1716391894935,False
1716391895239, ETHUSDT,1642730052,3752.77,25.941,1716391895229,False
1716391895239, ETHUSDT,1642730060,3752.92,6.0,1716391895237,False
1716391895239, ETHUSDT,1642730063,3752.98,12.378,1716391895237,False
1716391895306, ETHUSDT,1642730064,3752.99,4.344,1716391895237,False
1716391895547, ETHUSDT,1642730066,3752.99,4.938,1716391895393,False
1716391895913, ETHUSDT,1642730070,3752.98,8.0,1716391895760,True
1716391896459, ETHUSDT,1642730076,3753.0,14.561,1716391896398,False
1716391896854, SOLUSDT,694634813,180.854,86.0,1716391896828,False
1716391896877, WIFUSDT,130371546,3.2346,10031.8,1716391896874,False
1716391896878, WIFUSDT,130371560,3.236,5383.6,1716391896874,False
1716391896878, WIFUSDT,130371562,3.2362,6999.0,1716391896874,False
1716391896879, WIFUSDT,130371576,3.2376,6207.6,1716391896874,False
1716391896960, ETHUSDT,1642730082,3752.99,9.682,1716391896823,True
1716391896960, ETHUSDT,1642730083,3753.0,6.977,1716391896956,False
1716391897158, ETHUSDT,1642730116,3753.48,8.112,1716391897120,False
1716391897724, ETHUSDT,1642730122,3753.47,30.055,1716391897570,True
1716391897934, ETHUSDT,1642730124,3753.47,7.222,1716391897856,True
1716391898071, DOGEUSDT,683252462,0.16673,135532.0,1716391898067,True
1716391898222, DOGEUSDT,683252463,0.16672,117569.0,1716391898067,True
1716391899029, ETHUSDT,1642730135,3753.48,19.418,1716391899027,False
1716391899034, ETHUSDT,1642730138,3753.47,5.386,1716391899027,True
1716391899140, BTCUSDT,2190231901,70227.9,1.688,1716391899098,True
1716391899185, ETHUSDT,1642730139,3753.48,6.055,1716391899032,False
1716391899275, ETHUSDT,1642730141,3753.47,7.36,1716391899246,True
1716391900006, ETHUSDT,1642730148,3753.48,5.711,1716391899935,False
1716391900006, ETHUSDT,1642730149,3753.49,5.087,1716391900002,False
1716391900006, ETHUSDT,1642730152,3753.52,13.414,1716391900002,False
1716391900110, BTCUSDT,2190231905,70228.0,0.22,1716391900006,False
1716391900125, SOLUSDT,694634857,180.894,302.0,1716391900121,True
1716391900125, SOLUSDT,694634859,180.892,107.0,1716391900121,True
1716391900144, ETHUSDT,1642730187,3753.98,4.708,1716391900040,False
1716391900390, ETHUSDT,1642730190,3753.97,7.36,1716391900321,True
1716391900673, ETHUSDT,1642730194,3754.0,12.153,1716391900670,False
1716391900673, ETHUSDT,1642730209,3754.19,7.272,1716391900670,False
1716391900824, ETHUSDT,1642730212,3754.22,11.432,1716391900670,False
1716391901099, ETHUSDT,1642730214,3754.22,5.793,1716391900973,False
1716391901567, BNBUSDT,569896329,620.42,24.18,1716391901414,True
1716391901573, DOGEUSDT,683252505,0.16689,118141.0,1716391901570,False
1716391901674, ETHUSDT,1642730221,3754.21,7.04,1716391901521,True
1716391902010, SOLUSDT,694634924,180.879,83.0,1716391901857,False
1716391901989, ETHUSDT,1642730226,3754.21,5.329,1716391901915,True
1716391902408, BTCUSDT,2190231951,70241.1,0.657,1716391902256,False
1716391902410, ETHUSDT,1642730232,3754.22,4.578,1716391902321,False
1716391902575, ETHUSDT,1642730235,3754.21,7.793,1716391902467,True
1716391902768, BTCUSDT,2190231956,70241.0,0.227,1716391902649,True
1716391902828, ETHUSDT,1642730239,3754.22,7.594,1716391902787,False
1716391903019, ETHUSDT,1642730243,3754.22,29.151,1716391902969,False
1716391903208, ETHUSDT,1642730245,3754.22,6.006,1716391903055,False
1716391903646, ETHUSDT,1642730248,3754.21,12.76,1716391903492,True
1716391903694, BTCUSDT,2190231964,70241.0,1.209,1716391903683,True
1716391903945, BTCUSDT,2190231968,70238.4,0.401,1716391903906,False
1716391904116, ETHUSDT,1642730262,3754.07,4.828,1716391904013,False
1716391904771, ETHUSDT,1642730272,3754.04,4.051,1716391904618,False
1716391905815, ETHUSDT,1642730277,3754.04,5.541,1716391905679,False
1716391906419, BTCUSDT,2190231985,70237.7,0.25,1716391906391,True
1716391906861, ETHUSDT,1642730286,3754.04,7.028,1716391906851,False
1716391907024, ETHUSDT,1642730290,3754.02,8.275,1716391906953,True
1716391907029, ETHUSDT,1642730293,3753.97,7.66,1716391907026,True
1716391907031, BTCUSDT,2190231991,70237.4,0.711,1716391906882,False
1716391907031, BTCUSDT,2190231992,70237.3,0.36,1716391907028,True
1716391907035, ETHUSDT,1642730321,3753.56,11.08,1716391907031,True
1716391907043, ETHUSDT,1642730338,3753.28,10.687,1716391907038,True
1716391907043, ETHUSDT,1642730341,3753.23,4.077,1716391907039,True
1716391907044, ETHUSDT,1642730345,3753.19,4.492,1716391907039,True
1716391907044, ETHUSDT,1642730346,3753.17,12.417,1716391907039,True
1716391907044, ETHUSDT,1642730347,3753.16,4.419,1716391907039,True
1716391907045, ETHUSDT,1642730357,3753.03,20.809,1716391907040,True
1716391907045, ETHUSDT,1642730360,3752.96,14.505,1716391907041,True
1716391907045, ETHUSDT,1642730361,3752.94,5.367,1716391907041,True
1716391907049, ETHUSDT,1642730368,3752.83,4.7,1716391907044,True
1716391907049, ETHUSDT,1642730369,3752.82,10.607,1716391907044,True
1716391907049, ETHUSDT,1642730370,3752.81,5.0,1716391907044,True
1716391907049, ETHUSDT,1642730375,3752.76,6.996,1716391907044,True
1716391907049, ETHUSDT,1642730381,3752.7,8.415,1716391907044,True
1716391907049, ETHUSDT,1642730382,3752.69,7.995,1716391907044,True
1716391907049, ETHUSDT,1642730386,3752.65,8.222,1716391907044,True
1716391907049, ETHUSDT,1642730389,3752.6,6.017,1716391907044,True
1716391907059, ETHUSDT,1642730394,3752.97,10.668,1716391907046,True
1716391907059, ETHUSDT,1642730398,3752.56,5.505,1716391907055,False
1716391907062, ETHUSDT,1642730408,3752.66,10.662,1716391907058,True
1716391907093, ETHUSDT,1642730414,3752.48,4.002,1716391907090,True
1716391907172, ETHUSDT,1642730421,3752.44,13.371,1716391907132,True
1716391907189, ETHUSDT,1642730435,3752.29,8.4,1716391907186,False
1716391907189, ETHUSDT,1642730437,3752.31,5.0,1716391907186,False
1716391907192, ETHUSDT,1642730438,3752.32,4.283,1716391907186,False
1716391907048, BTCUSDT,2190232017,70230.6,0.235,1716391907043,True
1716391907095, BTCUSDT,2190232026,70228.6,0.628,1716391907078,False
1716391907307, ETHUSDT,1642730444,3752.24,11.91,1716391907302,False
1716391907325, ETHUSDT,1642730446,3752.24,5.97,1716391907305,False
1716391907503, ETHUSDT,1642730451,3752.23,9.802,1716391907402,True
1716391907503, ETHUSDT,1642730456,3752.15,4.368,1716391907501,True
1716391907510, ETHUSDT,1642730462,3752.01,5.04,1716391907506,False
1716391907513, ETHUSDT,1642730467,3751.94,5.106,1716391907510,True
1716391907890, ETHUSDT,1642730471,3751.91,30.719,1716391907738,False
1716391908232, ETHUSDT,1642730474,3751.91,8.131,1716391908205,False
1716391908435, BTCUSDT,2190232050,70222.4,0.809,1716391908282,True
1716391908545, ETHUSDT,1642730497,3752.79,5.33,1716391908542,False
1716391908983, ETHUSDT,1642730507,3752.6,6.685,1716391908981,True
1716391909655, BTCUSDT,2190232057,70222.2,0.262,1716391909644,True
1716391909799, SOLUSDT,694635010,180.8,83.0,1716391909646,True
1716391909884, ETHUSDT,1642730533,3751.89,17.24,1716391909730,False
1716391909919, BTCUSDT,2190232060,70222.0,0.233,1716391909766,False
1716391910158, ETHUSDT,1642730536,3751.89,10.056,1716391910006,False
1716391910439, SOLUSDT,694635012,180.801,179.0,1716391910437,False
1716391910697, ETHUSDT,1642730543,3752.23,6.738,1716391910544,False
1716391911003, BTCUSDT,2190232066,70221.8,1.481,1716391910999,True
1716391911006, BTCUSDT,2190232067,70221.7,0.342,1716391911001,True
1716391911025, BTCUSDT,2190232068,70221.0,1.422,1716391911003,True
1716391911026, ETHUSDT,1642730545,3752.22,8.6,1716391910906,True
1716391911197, ETHUSDT,1642730551,3751.92,9.975,1716391911121,False
1716391911547, ETHUSDT,1642730567,3752.47,7.016,1716391911545,False
1716391911547, ETHUSDT,1642730571,3752.58,5.975,1716391911545,False
1716391911548, ETHUSDT,1642730584,3752.75,5.116,1716391911545,False
1716391911584, ETHUSDT,1642730587,3752.78,10.376,1716391911545,False
1716391912011, BTCUSDT,2190232084,70214.6,0.488,1716391911857,False
1716391912097, ETHUSDT,1642730609,3752.98,46.248,1716391912093,True
1716391912141, ETHUSDT,1642730620,3752.7,6.677,1716391912135,True
1716391912553, ETHUSDT,1642730631,3752.41,7.84,1716391912399,True
1716391913572, SOLUSDT,694635036,180.836,85.0,1716391913569,True
1716391913569, ETHUSDT,1642730641,3752.29,7.68,1716391913431,True
1716391914470, ETHUSDT,1642730649,3752.29,7.12,1716391914451,True
1716391914492, ETHUSDT,1642730650,3752.3,6.0,1716391914469,False
1716391915043, ETHUSDT,1642730655,3752.3,5.727,1716391915039,False
1716391915046, ETHUSDT,1642730657,3752.34,4.82,1716391915039,False
1716391915386, ETHUSDT,1642730660,3752.41,49.451,1716391915237,False
1716391915398, SOLUSDT,694635047,180.819,522.0,1716391915244,False
1716391915427, ETHUSDT,1642730661,3752.41,11.666,1716391915383,False
1716391915476, ETHUSDT,1642730662,3752.4,7.52,1716391915425,True
1716391915953, ETHUSDT,1642730669,3752.41,10.059,1716391915850,False
1716391916340, ETHUSDT,1642730676,3752.59,10.0,1716391916238,True
1716391916491, ETHUSDT,1642730677,3752.59,8.057,1716391916339,True
1716391916757, ETHUSDT,1642730679,3752.6,22.89,1716391916746,False
1716391916814, ETHUSDT,1642730681,3752.6,4.221,1716391916811,False
1716391916816, ETHUSDT,1642730706,3753.25,24.85,1716391916812,False
1716391916816, ETHUSDT,1642730709,3753.29,11.282,1716391916812,False
1716391916817, ETHUSDT,1642730712,3753.32,18.067,1716391916812,False
1716391916821, BTCUSDT,2190232109,70221.0,1.722,1716391916812,False
1716391916823, ETHUSDT,1642730716,3753.39,50.0,1716391916813,False
1716391916824, ETHUSDT,1642730727,3753.56,6.158,1716391916817,False
1716391916851, BTCUSDT,2190232124,70225.5,0.336,1716391916818,False
1716391916898, ETHUSDT,1642730731,3753.6,14.937,1716391916838,False
1716391916942, ETHUSDT,1642730734,3753.73,10.523,1716391916895,False
1716391917280, BTCUSDT,2190232131,70226.4,0.661,1716391917253,False
1716391917373, WIFUSDT,130372688,3.229,6735.8,1716391917368,False
1716391917936, ETHUSDT,1642730766,3754.27,7.76,1716391917807,True
1716391918041, ETHUSDT,1642730767,3754.27,12.0,1716391917934,True
1716391918129, ETHUSDT,1642730770,3754.3,6.659,1716391918128,False
1716391918132, ETHUSDT,1642730809,3754.8,4.854,1716391918128,False
1716391918151, ETHUSDT,1642730815,3754.8,15.106,1716391918144,True
1716391918243, ETHUSDT,1642730821,3754.44,17.828,1716391918239,True
1716391918930, ETHUSDT,1642730839,3754.08,7.997,1716391918898,True
1716391919034, ETHUSDT,1642730847,3753.99,4.996,1716391919032,False
1716391919233, ETHUSDT,1642730851,3753.99,5.095,1716391919129,False
1716391919352, BTCUSDT,2190232153,70233.9,0.561,1716391919199,True
1716391919721, BTCUSDT,2190232155,70233.9,0.797,1716391919567,True
1716391920042, ETHUSDT,1642730856,3753.99,4.044,1716391919889,False
1716391920341, ETHUSDT,1642730861,3753.99,10.097,1716391920243,False
1716391920502, ETHUSDT,1642730863,3753.99,5.462,1716391920354,False
1716391920939, ETHUSDT,1642730868,3753.98,13.299,1716391920909,True
1716391921211, BTCUSDT,2190232163,70234.0,0.284,1716391921095,False
1716391921756, ETHUSDT,1642730883,3753.97,6.091,1716391921601,True
1716391922257, WIFUSDT,130372925,3.23,5667.3,1716391922198,True
1716391922278, WIFUSDT,130372930,3.23,4920.1,1716391922265,True
1716391922406, ETHUSDT,1642730888,3753.97,8.021,1716391922251,True
1716391923191, ETHUSDT,1642730898,3753.97,8.637,1716391923038,True
1716391923342, ETHUSDT,1642730899,3753.98,11.159,1716391923189,False
1716391923332, WIFUSDT,130372971,3.2301,4842.6,1716391923327,False
1716391923721, ETHUSDT,1642730910,3754.32,5.124,1716391923567,True
1716391923961, ETHUSDT,1642730911,3754.32,6.001,1716391923834,True
1716391924496, ETHUSDT,1642730945,3754.8,7.68,1716391924492,True
1716391924561, ETHUSDT,1642730963,3754.95,25.143,1716391924553,False
1716391924637, ETHUSDT,1642730966,3755.0,25.068,1716391924569,False
1716391925363, SOLUSDT,694635100,180.909,260.0,1716391925359,False
1716391925363, SOLUSDT,694635109,180.926,166.0,1716391925359,False
1716391925493, ETHUSDT,1642730981,3755.0,167.884,1716391925387,False
1716391925545, WIFUSDT,130373089,3.2307,7874.2,1716391925542,False
1716391925554, WIFUSDT,130373111,3.233,5320.5,1716391925542,False
1716391925565, ETHUSDT,1642730982,3755.0,25.767,1716391925491,False
1716391925674, ETHUSDT,1642730984,3755.0,541.52,1716391925594,False
1716391925674, ETHUSDT,1642730995,3755.13,13.387,1716391925672,False
1716391925674, ETHUSDT,1642730998,3755.19,5.048,1716391925672,False
1716391925676, ETHUSDT,1642731036,3755.63,6.354,1716391925672,False
1716391925676, ETHUSDT,1642731040,3755.67,5.806,1716391925672,False
1716391925676, ETHUSDT,1642731056,3755.85,5.889,1716391925672,False
1716391925676, ETHUSDT,1642731066,3755.96,6.759,1716391925672,False
1716391925677, ETHUSDT,1642731070,3756.0,20.126,1716391925672,False
1716391925677, ETHUSDT,1642731075,3755.49,4.084,1716391925673,True
1716391925677, ETHUSDT,1642731077,3756.0,15.708,1716391925673,False
1716391925700, ETHUSDT,1642731084,3756.0,81.564,1716391925681,False
1716391925700, ETHUSDT,1642731085,3755.99,10.0,1716391925697,True
1716391925745, ETHUSDT,1642731086,3756.0,62.901,1716391925697,False
1716391925851, SOLUSDT,694635116,180.931,283.0,1716391925848,True
1716391925851, SOLUSDT,694635117,180.928,105.0,1716391925848,True
1716391925852, SOLUSDT,694635141,180.88,114.0,1716391925849,True
1716391925852, SOLUSDT,694635143,180.878,104.0,1716391925849,True
1716391925852, SOLUSDT,694635144,180.877,167.0,1716391925849,True
1716391925852, SOLUSDT,694635149,180.872,100.0,1716391925849,True
1716391925852, SOLUSDT,694635154,180.865,130.0,1716391925849,True
1716391925852, SOLUSDT,694635155,180.864,89.0,1716391925849,True
1716391925852, SOLUSDT,694635157,180.862,86.0,1716391925849,True
1716391925852, SOLUSDT,694635159,180.86,117.0,1716391925849,True
1716391925852, SOLUSDT,694635161,180.857,111.0,1716391925849,True
1716391925852, SOLUSDT,694635163,180.854,215.0,1716391925849,True
1716391925853, SOLUSDT,694635168,180.846,141.0,1716391925849,True
1716391925853, SOLUSDT,694635169,180.845,111.0,1716391925849,True
1716391925877, SOLUSDT,694635180,180.832,1227.0,1716391925864,False
1716391925800, ETHUSDT,1642731106,3756.12,7.92,1716391925786,True
1716391925964, ETHUSDT,1642731108,3756.12,5.182,1716391925812,True
1716391926147, BTCUSDT,2190232211,70240.0,0.484,1716391926143,False
1716391926036, ETHUSDT,1642731109,3756.13,5.283,1716391925965,False
1716391926036, ETHUSDT,1642731110,3756.12,7.073,1716391926033,True
1716391926036, ETHUSDT,1642731111,3756.13,7.289,1716391926033,False
1716391926036, ETHUSDT,1642731113,3756.13,12.519,1716391926033,False
1716391926036, ETHUSDT,1642731130,3756.13,27.758,1716391926033,False
1716391926036, ETHUSDT,1642731139,3756.13,15.488,1716391926033,False
1716391926037, ETHUSDT,1642731145,3756.13,6.618,1716391926034,False
1716391926038, ETHUSDT,1642731168,3756.41,5.755,1716391926034,False
1716391926038, ETHUSDT,1642731172,3756.43,6.837,1716391926034,False
1716391926038, ETHUSDT,1642731175,3756.47,6.348,1716391926034,False
1716391926038, ETHUSDT,1642731181,3755.78,5.4,1716391926034,False
1716391926038, ETHUSDT,1642731182,3755.79,6.65,1716391926034,False
1716391926038, ETHUSDT,1642731183,3755.8,9.371,1716391926034,False
1716391926038, ETHUSDT,1642731184,3755.81,5.4,1716391926034,False
1716391926038, ETHUSDT,1642731185,3755.82,5.4,1716391926034,False
1716391926038, ETHUSDT,1642731186,3755.83,10.8,1716391926034,False
1716391926038, ETHUSDT,1642731187,3755.85,5.4,1716391926034,False
1716391926038, ETHUSDT,1642731188,3755.86,13.8,1716391926034,False
1716391926038, ETHUSDT,1642731189,3755.88,8.4,1716391926034,False
1716391926038, ETHUSDT,1642731190,3755.89,17.55,1716391926034,False
1716391926038, ETHUSDT,1642731192,3755.93,13.8,1716391926034,False
1716391926038, ETHUSDT,1642731193,3755.97,45.62,1716391926034,False
1716391926038, ETHUSDT,1642731194,3755.99,8.4,1716391926034,False
1716391926038, ETHUSDT,1642731195,3756.0,8.4,1716391926034,False
1716391926038, ETHUSDT,1642731196,3756.01,10.226,1716391926034,False
1716391926038, ETHUSDT,1642731197,3756.05,13.532,1716391926034,False
1716391926038, ETHUSDT,1642731198,3756.09,8.429,1716391926034,False
1716391926039, ETHUSDT,1642731199,3756.11,10.8,1716391926034,False
1716391926138, ETHUSDT,1642731209,3756.53,7.76,1716391926136,False
1716391926138, ETHUSDT,1642731215,3756.61,6.717,1716391926136,False
1716391926155, ETHUSDT,1642731231,3756.78,15.997,1716391926136,True
1716391926364, ETHUSDT,1642731237,3756.84,44.917,1716391926321,False
1716391926533, ETHUSDT,1642731248,3756.52,9.056,1716391926421,False
1716391926956, ETHUSDT,1642731252,3756.52,4.342,1716391926873,False
1716391926956, ETHUSDT,1642731257,3756.79,6.845,1716391926954,False
1716391926956, ETHUSDT,1642731259,3756.84,10.7,1716391926954,False
1716391926956, ETHUSDT,1642731260,3756.85,5.632,1716391926954,False
1716391926956, ETHUSDT,1642731265,3756.9,10.012,1716391926954,False
1716391927095, ETHUSDT,1642731282,3756.54,11.089,1716391927001,False
1716391927114, ETHUSDT,1642731283,3756.53,7.137,1716391927092,True
1716391927510, ETHUSDT,1642731292,3756.86,14.589,1716391927505,False
1716391927543, SOLUSDT,694635194,180.885,140.0,1716391927535,True
1716391927617, ETHUSDT,1642731295,3756.85,23.174,1716391927613,True
1716391927742, BTCUSDT,2190232249,70248.0,1.735,1716391927739,True
1716391927768, ETHUSDT,1642731316,3756.38,14.536,1716391927766,False
1716391928014, ETHUSDT,1642731328,3756.17,9.177,1716391927884,False
1716391928034, ETHUSDT,1642731333,3756.17,35.309,1716391928032,False
1716391928178, BTCUSDT,2190232257,70243.5,0.3,1716391928024,False
1716391928209, SOLUSDT,694635207,180.822,93.0,1716391928207,True
1716391928239, ETHUSDT,1642731346,3756.01,4.272,1716391928128,False
1716391928312, ETHUSDT,1642731348,3756.01,6.463,1716391928307,False
1716391928331, WIFUSDT,130373188,3.2288,7787.2,1716391928328,True
1716391928333, WIFUSDT,130373190,3.2286,9481.9,1716391928329,True
1716391928390, ETHUSDT,1642731349,3756.0,77.029,1716391928309,True
1716391928390, ETHUSDT,1642731363,3755.74,5.103,1716391928387,True
1716391929190, BTCUSDT,2190232277,70236.3,1.0,1716391929035,False
1716391929510, ETHUSDT,1642731388,3755.69,12.636,1716391929406,False
1716391929600, BTCUSDT,2190232280,70236.2,5.824,1716391929597,True
1716391929605, ETHUSDT,1642731391,3755.69,7.852,1716391929556,False
1716391929606, ETHUSDT,1642731392,3755.68,4.101,1716391929602,True
1716391929712, BTCUSDT,2190232293,70232.2,0.222,1716391929597,True
1716391929826, ETHUSDT,1642731399,3755.51,8.749,1716391929699,False
1716391930163, ETHUSDT,1642731403,3755.51,6.81,1716391930153,False
1716391930374, ETHUSDT,1642731406,3755.51,24.071,1716391930366,False
1716391930404, ETHUSDT,1642731410,3755.58,5.0,1716391930399,False
1716391930511, ETHUSDT,1642731411,3755.57,7.945,1716391930402,True
1716391930574, BTCUSDT,2190232301,70232.2,0.236,1716391930421,False
1716391930792, ETHUSDT,1642731415,3755.57,19.47,1716391930673,True
1716391930898, ETHUSDT,1642731419,3755.58,6.066,1716391930843,False
1716391931849, ETHUSDT,1642731479,3756.45,6.638,1716391931696,True
1716391932026, ETHUSDT,1642731480,3756.45,7.741,1716391931873,True
1716391932744, ETHUSDT,1642731492,3756.27,4.842,1716391932676,True
1716391932918, ETHUSDT,1642731514,3755.81,4.116,1716391932915,False
1716391932920, ETHUSDT,1642731521,3756.01,7.5,1716391932915,False
1716391933131, ETHUSDT,1642731523,3756.05,6.297,1716391933056,False
1716391933131, ETHUSDT,1642731524,3756.2,4.941,1716391933129,False
1716391933131, ETHUSDT,1642731528,3756.28,4.5,1716391933129,False
1716391933132, ETHUSDT,1642731536,3756.46,7.19,1716391933129,False
1716391933132, ETHUSDT,1642731542,3756.55,4.518,1716391933129,False
1716391933132, ETHUSDT,1642731546,3756.61,4.63,1716391933129,False
1716391933132, ETHUSDT,1642731554,3756.73,4.5,1716391933129,False
1716391933132, ETHUSDT,1642731555,3756.75,6.006,1716391933129,False
1716391933133, ETHUSDT,1642731558,3756.78,9.943,1716391933129,False
1716391933133, ETHUSDT,1642731560,3756.8,7.386,1716391933129,False
1716391933133, ETHUSDT,1642731563,3756.83,6.0,1716391933129,False
1716391933133, ETHUSDT,1642731564,3756.84,18.315,1716391933129,False
1716391933133, ETHUSDT,1642731565,3756.85,13.184,1716391933129,False
1716391933133, ETHUSDT,1642731566,3756.86,19.369,1716391933129,False
1716391933133, ETHUSDT,1642731569,3756.89,8.821,1716391933129,False
1716391933139, ETHUSDT,1642731570,3756.9,4.69,1716391933129,False
1716391933260, ETHUSDT,1642731574,3756.49,6.125,1716391933153,False
1716391933394, ETHUSDT,1642731576,3756.48,5.708,1716391933348,True
1716391933396, ETHUSDT,1642731587,3756.19,7.995,1716391933392,True
1716391933396, ETHUSDT,1642731592,3756.08,5.374,1716391933392,True
1716391933396, ETHUSDT,1642731593,3756.07,4.258,1716391933392,True
1716391933396, ETHUSDT,1642731594,3756.06,4.268,1716391933392,True
1716391933396, ETHUSDT,1642731596,3756.04,5.603,1716391933392,True
1716391933396, ETHUSDT,1642731598,3756.01,4.258,1716391933392,True
1716391933396, ETHUSDT,1642731600,3755.99,6.772,1716391933392,True
1716391933396, ETHUSDT,1642731604,3755.95,8.03,1716391933392,True
1716391933396, ETHUSDT,1642731605,3755.94,12.3,1716391933392,True
1716391933397, ETHUSDT,1642731614,3755.81,4.505,1716391933392,True
1716391933399, ETHUSDT,1642731615,3755.8,8.777,1716391933392,True
1716391933529, ETHUSDT,1642731624,3756.34,5.329,1716391933456,False
1716391933622, ETHUSDT,1642731626,3756.34,3.993,1716391933611,False
1716391933970, BNBUSDT,569896405,620.42,36.91,1716391933965,False
1716391934124, ETHUSDT,1642731653,3756.99,5.408,1716391934112,False
1716391934179, ETHUSDT,1642731654,3756.99,6.0,1716391934122,True
1716391934180, ETHUSDT,1642731655,3757.0,38.092,1716391934177,False
1716391934199, ETHUSDT,1642731657,3757.0,38.084,1716391934177,False
1716391934439, ETHUSDT,1642731661,3756.99,9.339,1716391934352,True
1716391934961, ETHUSDT,1642731669,3757.0,44.495,1716391934916,False
1716391935158, ETHUSDT,1642731673,3757.0,6.09,1716391935101,False
1716391935430, BTCUSDT,2190232347,70250.0,0.22,1716391935332,False
1716391935664, ETHUSDT,1642731678,3756.99,9.84,1716391935511,True
1716391935672, BTCUSDT,2190232349,70250.0,0.381,1716391935640,False
1716391935768, ETHUSDT,1642731679,3757.0,9.703,1716391935690,False
1716391935976, BTCUSDT,2190232360,70253.5,0.284,1716391935824,True
1716391936134, ETHUSDT,1642731683,3757.0,9.212,1716391936026,False
1716391936204, ETHUSDT,1642731684,3757.0,11.26,1716391936131,False
1716391936226, WIFUSDT,130373454,3.2265,8315.2,1716391936224,False
1716391936417, SOLUSDT,694635309,180.964,109.0,1716391936410,True
1716391937155, ETHUSDT,1642731785,3756.46,4.679,1716391937149,True
1716391937218, SOLUSDT,694635316,180.937,131.0,1716391937204,True
1716391937254, DOGEUSDT,683252710,0.16688,91025.0,1716391937204,True
1716391938077, ETHUSDT,1642731801,3756.28,4.315,1716391938017,False
1716391938326, BNBUSDT,569896438,620.27,31.44,1716391938322,True
1716391938326, BNBUSDT,569896449,620.16,24.65,1716391938322,True
1716391938444, BNBUSDT,569896490,619.98,27.54,1716391938386,True
1716391938505, BTCUSDT,2190232378,70253.5,0.44,1716391938396,True
1716391938699, ETHUSDT,1642731833,3755.79,23.187,1716391938601,False
1716391939230, SOLUSDT,694635348,180.962,156.0,1716391939226,False
1716391939230, SOLUSDT,694635353,180.968,145.0,1716391939226,False
1716391939268, SOLUSDT,694635355,180.97,105.0,1716391939226,False
1716391939269, SOLUSDT,694635370,180.931,97.0,1716391939266,True
1716391939308, SOLUSDT,694635373,180.925,161.0,1716391939285,False
1716391939325, BTCUSDT,2190232383,70250.4,1.138,1716391939173,False
1716391939713, SOLUSDT,694635378,180.93,119.0,1716391939709,True
1716391939714, SOLUSDT,694635389,180.905,93.0,1716391939710,True
1716391939714, SOLUSDT,694635394,180.898,110.0,1716391939710,True
1716391939714, SOLUSDT,694635398,180.894,86.0,1716391939710,True
1716391939714, SOLUSDT,694635401,180.89,83.0,1716391939710,True
1716391939714, SOLUSDT,694635418,180.865,91.0,1716391939710,True
1716391939714, SOLUSDT,694635423,180.858,118.0,1716391939710,True
1716391939714, SOLUSDT,694635426,180.853,86.0,1716391939710,True
1716391939714, SOLUSDT,694635428,180.851,192.0,1716391939710,True
1716391939714, SOLUSDT,694635430,180.848,142.0,1716391939710,True
1716391939714, SOLUSDT,694635431,180.847,211.0,1716391939710,True
1716391939714, SOLUSDT,694635432,180.846,92.0,1716391939710,True
1716391939714, SOLUSDT,694635434,180.844,128.0,1716391939710,True
1716391939715, SOLUSDT,694635447,180.827,130.0,1716391939711,True
1716391939722, SOLUSDT,694635456,180.818,907.0,1716391939719,False
1716391940329, ETHUSDT,1642731850,3755.69,40.054,1716391940326,True
1716391940329, ETHUSDT,1642731860,3755.5,11.729,1716391940326,True
1716391940412, ETHUSDT,1642731882,3755.57,52.002,1716391940361,False
1716391940418, ETHUSDT,1642731889,3755.7,9.017,1716391940410,False
1716391941950, BTCUSDT,2190232400,70253.1,0.23,1716391941915,True
1716391942698, BTCUSDT,2190232406,70253.2,1.03,1716391942660,False
1716391942883, BTCUSDT,2190232408,70253.2,0.232,1716391942730,False
1716391943237, ETHUSDT,1642731946,3755.14,8.248,1716391943083,False
1716391943286, ETHUSDT,1642731947,3755.13,11.408,1716391943262,True
1716391943413, BNBUSDT,569896518,620.18,35.12,1716391943412,False
1716391943470, ETHUSDT,1642731957,3755.01,30.0,1716391943333,False
1716391943530, ETHUSDT,1642731958,3755.0,5.675,1716391943469,True
1716391943534, ETHUSDT,1642731979,3754.72,8.034,1716391943530,True
1716391943534, ETHUSDT,1642731983,3754.65,11.127,1716391943530,True
1716391943543, BTCUSDT,2190232413,70253.1,0.681,1716391943460,True
1716391943686, ETHUSDT,1642731993,3754.51,5.241,1716391943541,True
1716391944941, ETHUSDT,1642732032,3754.07,5.0,1716391944904,False
1716391945756, WIFUSDT,130373770,3.2239,5281.6,1716391945752,True
1716391945884, ETHUSDT,1642732041,3754.07,9.569,1716391945818,False
1716391946424, ETHUSDT,1642732057,3753.91,6.337,1716391946372,False
1716391946779, BTCUSDT,2190232431,70250.3,0.225,1716391946626,True
1716391947380, ETHUSDT,1642732084,3754.45,17.361,1716391947312,False
1716391947569, ETHUSDT,1642732091,3754.52,4.541,1716391947446,True
1716391947895, ETHUSDT,1642732094,3754.53,30.663,1716391947826,False
1716391948038, ETHUSDT,1642732095,3754.53,8.006,1716391947892,True
1716391948279, ETHUSDT,1642732098,3754.53,11.967,1716391948197,True
1716391948532, SOLUSDT,694635539,180.801,96.0,1716391948529,True
1716391948532, SOLUSDT,694635540,180.8,194.0,1716391948529,True
1716391948533, SOLUSDT,694635575,180.75,98.0,1716391948529,True
1716391948533, SOLUSDT,694635576,180.749,105.0,1716391948530,True
1716391948533, SOLUSDT,694635578,180.747,85.0,1716391948530,True
1716391948584, ETHUSDT,1642732121,3754.02,6.769,1716391948564,True
1716391948723, ETHUSDT,1642732125,3754.01,15.335,1716391948680,False
1716391948936, ETHUSDT,1642732129,3754.3,7.4,1716391948783,True
1716391950107, BTCUSDT,2190232449,70250.4,0.308,1716391949970,False
1716391950125, ETHUSDT,1642732138,3754.3,7.36,1716391949970,True
1716391950264, ETHUSDT,1642732147,3754.47,16.742,1716391950251,True
1716391950268, ETHUSDT,1642732149,3754.47,23.583,1716391950264,True
1716391950493, SOLUSDT,694635604,180.808,111.0,1716391950491,False
1716391950873, ETHUSDT,1642732160,3754.13,7.76,1716391950767,True
1716391951024, ETHUSDT,1642732161,3754.14,4.272,1716391950870,False
1716391951850, ETHUSDT,1642732170,3754.13,7.24,1716391951696,True
1716391953077, ETHUSDT,1642732208,3754.89,4.78,1716391953073,False
1716391953520, ETHUSDT,1642732214,3754.96,11.061,1716391953367,False
1716391953791, ETHUSDT,1642732215,3754.95,8.14,1716391953651,True
1716391953866, BTCUSDT,2190232473,70253.0,0.241,1716391953771,True
1716391954018, BTCUSDT,2190232475,70253.0,0.85,1716391953930,True
1716391954227, ETHUSDT,1642732228,3754.59,6.297,1716391954225,False
1716391954227, ETHUSDT,1642732229,3754.62,6.74,1716391954225,False
1716391954227, ETHUSDT,1642732235,3754.92,4.532,1716391954225,False
1716391954227, ETHUSDT,1642732238,3754.95,4.348,1716391954225,False
1716391954228, ETHUSDT,1642732239,3754.96,14.02,1716391954225,False
1716391954229, ETHUSDT,1642732262,3755.27,5.326,1716391954225,False
1716391954229, ETHUSDT,1642732266,3755.31,6.075,1716391954225,False
1716391954229, ETHUSDT,1642732267,3755.32,5.341,1716391954225,False
1716391954229, ETHUSDT,1642732270,3755.36,7.471,1716391954225,False
1716391954229, ETHUSDT,1642732271,3755.37,7.469,1716391954225,False
1716391954229, ETHUSDT,1642732272,3755.39,7.064,1716391954225,False
1716391954229, ETHUSDT,1642732276,3755.44,6.494,1716391954225,False
1716391954229, ETHUSDT,1642732278,3755.46,10.293,1716391954225,False
1716391954233, ETHUSDT,1642732282,3755.52,12.01,1716391954225,False
1716391954984, ETHUSDT,1642732295,3755.02,4.604,1716391954982,True
1716391955221, BTCUSDT,2190232481,70253.1,0.25,1716391955073,False
1716391955868, ETHUSDT,1642732311,3754.78,7.497,1716391955714,True
1716391956100, BTCUSDT,2190232484,70253.1,0.242,1716391955962,False
1716391956165, WIFUSDT,130374186,3.22,13261.6,1716391956162,False
1716391956168, WIFUSDT,130374196,3.22,9409.9,1716391956164,False
1716391956407, ETHUSDT,1642732315,3754.79,13.715,1716391956301,False
1716391956607, ETHUSDT,1642732317,3754.78,12.016,1716391956453,True
1716391957607, ETHUSDT,1642732325,3755.03,24.825,1716391957480,False
1716391958106, ETHUSDT,1642732328,3755.03,6.163,1716391958007,False
1716391958204, ETHUSDT,1642732333,3755.11,99.157,1716391958193,False
1716391958581, BTCUSDT,2190232493,70253.1,0.334,1716391958427,False
1716391960913, ETHUSDT,1642732384,3754.79,10.973,1716391960877,False
1716391961785, ETHUSDT,1642732396,3754.78,13.388,1716391961655,True
1716391961785, ETHUSDT,1642732434,3754.28,4.5,1716391961783,True
1716391961786, ETHUSDT,1642732437,3754.24,4.124,1716391961783,True
1716391961786, ETHUSDT,1642732438,3754.23,3.997,1716391961783,True
1716391961786, ETHUSDT,1642732441,3754.2,11.937,1716391961783,True
1716391961786, ETHUSDT,1642732445,3754.13,6.631,1716391961783,True
1716391961786, ETHUSDT,1642732454,3754.02,7.673,1716391961783,True
1716391961838, ETHUSDT,1642732457,3753.99,54.694,1716391961797,True
1716391961840, ETHUSDT,1642732458,3753.98,10.659,1716391961835,True
1716391961840, ETHUSDT,1642732461,3753.93,4.362,1716391961836,True
1716391961849, ETHUSDT,1642732471,3753.77,5.095,1716391961846,True
1716391961852, ETHUSDT,1642732476,3753.72,5.137,1716391961846,True
1716391961869, BTCUSDT,2190232507,70253.1,0.873,1716391961846,False
1716391961938, BTCUSDT,2190232508,70253.0,0.333,1716391961867,True
1716391961976, ETHUSDT,1642732507,3753.23,4.331,1716391961959,True
1716391961976, ETHUSDT,1642732508,3753.2,5.882,1716391961973,True
1716391962191, ETHUSDT,1642732519,3753.02,5.331,1716391962168,True
1716391962204, ETHUSDT,1642732521,3753.0,70.764,1716391962201,True
1716391962204, ETHUSDT,1642732522,3752.99,11.705,1716391962202,True
1716391962222, BTCUSDT,2190232511,70253.0,4.338,1716391962123,True
1716391962330, ETHUSDT,1642732530,3752.84,4.396,1716391962205,True
1716391962951, ETHUSDT,1642732540,3752.79,4.143,1716391962864,False
1716391963037, ETHUSDT,1642732575,3752.24,5.811,1716391963035,True
